800 1319
397 111 489 131 „⁴23>⁴

172 163 194 178 est
202 161 277 178 israelitas
285 161 337 177 fideles
344 163 359 177 et
366 161 400 181 pios
408 165 435 181 per
443 161 554 182 oppositionem
564 161 584 177 ad
591 163 678 182 peccatores
685 162 716 178 sub

171 186 260 206 mysteriosa
268 186 350 206 prophetae
358 186 406 206 figura
413 185 518 206 agnoscendos
525 190 558 202 esse
566 188 668 206 propugnant.

191 211 247 227 Verum
255 210 406 227 animadvertendum
414 210 475 227 obvenit
482 210 575 226 restrictius
582 210 714 231 interpretationes

171 235 253 256 expositas,
267 239 314 255 quum
327 239 355 251 nee
368 235 441 257 intentam
454 239 508 251 sensus
520 237 536 251 et
548 235 629 251 litterariae
642 235 715 251 Deutero-

171 260 220 276 Isaiae
234 259 350 280 compositionis
364 259 484 275 uniformitatem
498 261 566 278 servent,
581 263 609 275 nec
623 262 715 276 caracterem

171 285 251 301 manifeste
263 284 373 300 individualem
381 290 388 298 ι
395 284 433 300 ebed
441 289 448 298 »
456 284 538 304 explicent.
550 288 633 303 remanere,
642 286 658 300 ut
669 284 715 304 tales,

171 309 262 330 hypotheses
270 309 349 325 collective
356 308 407 324 sensui
415 308 489 324 servando
497 308 569 329 impares.
578 308 643 324 Easdem
651 309 714 329 insuper

172 336 243 355 premunt
248 336 263 350 et
269 334 322 350 inanes
327 334 360 349 esse
366 334 448 350 conficiunt
453 333 527 354 speciales
531 333 627 349 difficultates
632 333 713 353 plurimae.

172 359 227 375 Contra
235 359 325 375 seutentiam
333 358 386 374 Driver
396 360 411 374 et
421 358 500 374 Dittmann
511 358 541 374 alta
551 358 617 378 loquitur
627 358 715 378 adjunctum

172 384 216 401 illud.
225 384 252 400 Dei
261 387 321 399 servum
329 383 389 399 Israelis
396 383 496 399 salvationem
506 387 533 403 per
543 383 592 403 ipsam
600 387 643 399 suam
651 385 715 400 mortem

172 412 205 424 esse
213 408 315 428 perfecturum
323 408 394 424 describi.
402 408 462 424 Etenim
470 407 585 428 providentialis
593 408 653 424 Israelis
661 408 717 424 idealis

172 433 241 449 activitas
253 433 269 448 in
279 432 325 452 hujus
332 432 394 452 ejusque
402 433 508 448 attributorum
516 432 613 448 realizations
620 432 693 448 historica
700 434 716 449 et

172 458 260 474 correlative
271 457 287 473 in
298 457 363 473 libenter
373 457 425 477 agnito
436 461 445 473 a
456 457 513 477 populo
525 457 565 473 servi
578 461 640 473 munere
652 457 715 477 ejusque

172 482 247 498 fructibus
259 482 342 498 consistere
354 481 421 501 deberet.
435 482 498 501 Insuper
512 481 588 502 quomodo
600 481 647 497 Israel
661 481 715 498 idealis

172 506 254 526 judicatus,
265 510 319 526 passus
330 508 344 522 et
354 508 423 522 mortuus
433 506 458 525 sit,
467 506 549 526 quomodo'
555 510 652 522 numerosam
662 506 716 522 obten-

172 533 216 547 turus
228 531 248 547 sit
261 531 369 551 posteritatem,
383 531 458 551 quomodo
473 535 500 551 per
515 531 566 552 ipsum
580 531 647 552 populus
659 531 717 548 electus

172 556 244 572 historico
258 556 331 572 liberatus
345 556 371 575 sit,
386 560 395 571 a
408 555 494 572 fautoribus
508 556 571 576 hujusce
586 556 716 576 interpretationis

173 581 245 601 explicari
254 580 312 601 nequit.

193 605 212 621 Et
219 604 315 621 manifestius
323 605 372 621 adhuc
379 605 440 621 ruinam
448 605 485 621 iacit
492 605 548 621 solutio
558 605 616 621 Iinobel
624 607 639 621 et
646 606 715 622 Kuenen.

173 630 266 653 Describitur
279 630 335 650 quippe
348 630 386 646 ebed
399 632 477 650 tamquam
489 630 543 646 foedus
556 630 615 651 populi,
627 630 715 650 berith-am,

173 657 251 675 tamquam
264 654 312 671 tribus
324 654 370 671 Iacob
383 657 470 671 restaurans
482 655 536 673 XLIX.
548 655 558 671 6
569 657 585 671 et
595 655 650 675 integri
663 655 716 675 populi

173 681 234 699 peccata
245 679 309 699 expians
318 679 360 699 :jam
371 681 421 695 autem
433 683 480 699 quum
491 679 581 699 subju-ctum,
593 680 618 696 cui
628 680 666 696 haec
677 680 717 696 bona

173 704 288 724 promittuntur,
302 704 364 720 indubie
377 704 423 720 etiam
436 704 467 720 imo
481 704 562 724 praecipue
573 704 652 720 meliorem
663 704 716 725 populi

173 729 251 745 israelitici
262 731 321 749 partem
332 728 447 749 complectatur,
456 729 509 749 nequit
519 728 563 748 ebed,
571 729 598 749 qui
609 729 671 749 propria
682 733 717 749 pee-

173 756 206 769 cata
219 753 293 774 expianda
304 757 335 769 non
345 753 396 772 habet,
408 753 451 773 cujus
462 754 518 769 intuitu
528 753 582 770 foedus
592 752 626 770 curn
638 754 695 774 populo
708 758 717 770 a

173 778 205 794 Deo
212 778 265 796 initur,
274 778 331 798 quique
341 779 418 798 tamquam
428 782 474 794 causa
484 778 605 794 instrumentalis
614 780 629 794 et
638 777 717 795 meritoria

173 803 281 819 beneficiorum
289 802 416 818 conferendorum
426 802 510 821 exhibetur.
516 807 551 819 curn
559 803 618 819 meliori
627 805 643 819 et
652 802 717 819 fideliori

173 827 235 843 Israelis
243 829 285 847 parte
293 827 389 843 identificari.
398 828 426 846 Ita,
434 827 460 843 ubi
469 828 486 846 L,
495 828 515 843 10
525 828 598 848 propbeta
606 828 643 844 dicit
652 832 655 844 ι
664 828 690 848 qui
698 832 717 844 ex

173 852 217 868 vobis
225 851 267 868 timet
274 852 363 870 Dominum,
371 851 423 868 audiat
433 856 485 868 vocem
495 852 534 868 servi
545 852 581 871 mei,
592 852 663 868 Israelem
671 852 717 872 spiri-

173 877 229 892 tuatem
242 879 257 892 et
269 876 307 893 ebed
319 876 376 892 lahveh
391 879 468 897 tamquam
481 876 549 896 subjecta
562 877 640 896 distincta,
653 876 716 893 indubie

173 901 264 917 considerat.

194 926 247 942 Elucet
261 926 317 946 itaque.
334 928 440 946 argumentum
455 926 495 946 quod
510 928 562 942 eontra
578 926 687 943 individualem
702 929 718 943 et

173 950 281 970 messianicam
288 953 359 966 cantuum
367 950 470 967 ebed-Iabvelt
476 951 615 971 interpretationem
622 955 640 967 ex
648 953 718 967 contexta

174 975 241 992 oratione
254 975 308 992 deduci
321 975 365 995 solet,
379 975 429 992 cidem
442 976 493 996 potius
506 975 561 992 favere,
575 976 593 992 In
606 976 647 992 omni
660 976 717 997 quippe

173 1000 296 1021 interpretatione
306 1000 416 1017 admittendum
428 1002 450 1016 est
461 1001 522 1017 titulum
535 1000 664 1017 «ebed-tamen»
677 1001 718 1017 sicut

174 1029 202 1041 uec
214 1023 230 1040 iu
243 1025 278 1041 aliis
293 1025 385 1041 litteraturae
399 1025 496 1046 propheticae
511 1025 585 1046 partibus,
599 1025 620 1041 ita
634 1029 663 1042 nec
676 1025 718 1046 apud
