800 1319
291 108 395 124 -15-

90 154 160 170 Addatur
167 156 182 170 et
189 154 268 170 tentationi
278 154 373 175 subsequens
381 154 437 171 Christi
447 155 463 171 in
473 159 501 171 sua
512 155 560 175 patria
572 159 616 176 prae-

70 179 132 198 dicatio,
143 183 181 199 quae
191 178 241 195 denuo
252 179 303 195 virtuti
315 179 372 199 accepti
383 179 450 200 Spiritus
462 180 554 196 adscribitur
563 182 578 196 et
589 185 618 201 per

70 204 190 220 Deutero-lsaiae
200 204 287 220 citationem
297 204 393 223 justificatur.
406 204 449 223 Rem,
462 207 507 224 prout
517 209 526 221 a
537 205 578 221 Luca
589 205 614 223 lV.

70 229 90 244 ss
97 232 121 249 sq.
130 230 214 247 enarratur,
223 228 249 245 hic
256 228 312 244 referre
318 228 365 248 juvat.
372 233 386 245 v.
396 228 421 244 14⁴
430 229 449 245 Et
456 232 534 249 regressus
542 231 565 245 est
571 230 618 246 lesus

70 253 86 269 in
97 253 151 269 virtute
162 253 228 274 Spiritus
239 253 256 269 in
266 253 351 269 Galilaeam
362 255 377 269 et
387 253 428 269 fama
441 253 478 269 exiit
489 257 516 274 per
528 254 616 270 universam

69 278 147 298 regionem
155 277 174 294 de
181 277 214 293 illo.
222 278 241 294 V.
249 278 274 294 15.
283 278 303 294 Et
310 278 342 298 ipse
350 278 414 294 dooebat
423 278 439 294 in
449 278 532 299 synagogis
541 282 593 295 eorum
601 281 617 295 et

69 303 196 323 magnificabatur
206 302 226 319 ab
233 303 311 319 omnibus.
320 307 334 318 v.
343 303 369 319 16.
380 303 399 319 Et
409 303 450 319 venit
460 304 535 319 Nazareth
546 303 572 320 ubi
583 306 615 320 erat

69 327 136 343 nutritus
143 329 158 343 et
168 327 230 343 intravit
239 327 324 343 secundum
334 327 461 344 consuetudinem
471 332 515 344 suam
523 328 548 344 die
555 328 614 345 sabbati

69 353 85 369 in
96 356 189 373 synagogam
200 354 215 369 et
225 353 291 369 surrexit
300 353 355 373 legere.
364 357 379 369 v.
388 353 414 369 Π.
423 353 442 369 Ει
449 353 514 369 traditus
521 355 544 369 est
551 354 565 369 ei
575 353 616 370 liber

68 378 117 393 Isaiae
132 377 220 398 prophetae.
236 377 254 393 Et
268 379 285 393 ut
297 377 361 394 revolvit
374 377 436 396 librum,
451 378 508 394 invertit
523 378 573 394 locum
587 378 615 394 nbi

68 402 143 422 scriptum
156 404 188 418 erat
201 406 205 418 2
219 406 234 418 v.
247 402 271 418 ¹8.
286 402 357 422 spiritus
371 402 434 418 Domini
446 407 493 423 :uper
505 407 529 419 me
543 407 560 419 eo
574 403 617 424 quod

68 427 133 443 unxerit
139 431 163 443 mc
170 428 184 443 ιι
191 426 297 447 wanqeltzare
302 426 399 447 pauperibus
406 427 450 443 misit
455 431 498 443 me..
504 431 519 443 v.
527 427 553 443 2¹,
562 427 615 447 Coepit

68 454 119 467 autem
127 451 176 467 dicere
184 451 204 467 ad
211 455 237 467 eus
246 455 250 467 ι
258 451 295 471 quio
303 451 349 467 hodie
355 451 419 472 impletu
426 452 449 467 ext
459 451 496 467 haec
507 452 586 472 emptum
597 452 614 467 in

68 475 134 492 auribus
140 476 201 492 vestri«.

89 501 133 516 quta
141 500 265 521 antiquissimam
273 500 324 521 itaque
332 500 436 520 traditionem,
446 501 489 520 cnjus
498 501 614 517 historicitawm

68 525 131 545 quidam
139 529 218 545 perperam
227 525 243 541 in
250 525 314 541 dubium
323 527 399 544 revocant,
407 526 451 541 lesus
458 525 561 542 ministerium
569 530 614 542 suum

68 550 144 566 inchoavit
152 552 166 566 et
174 550 217 570 regni
225 549 299 566 tundandi
311 550 379 566 laborem
391 550 464 570 suscepit,
475 554 510 566 cum
521 551 614 567 conscientia

68 575 92 590 sui
100 578 134 591 cum
142 574 246 591 ebed-Iahveh
253 574 346 594 identitatis·,
354 576 369 591 et
376 574 413 591 hinc
421 577 444 591 est
455 574 495 595 quod
505 577 557 591 contra
567 576 615 591 totius

67 599 121 620 populi
130 599 187 619 judaici
198 599 327 619 exspectationem
338 601 353 615 et
365 601 453 619 conceptus,
465 599 529 615 Messias
541 604 557 616 se
569 599 616 616 nobis

67 624 112 640 sistat
119 628 180 640 servum
187 624 267 643 humilem,
276 624 334 644 regiam
342 624 408 644 gloriam
416 628 425 640 a
432 628 448 640 se
456 624 558 644 abjicientem.

88 649 104 665 ἢ.
117 649 227 665 Proclamatam
234 653 243 665 a
251 649 295 665 Pctru
306 649 414 665 messianicam
423 653 467 665 suam
477 649 567 670 dignitatem
574 653 613 670 quo-

67 673 114 690 mudo
125 674 200 694 intelligat
210 674 320 694 propriumque
331 677 377 694 quem
388 673 418 690 sibi
430 674 510 694 proposuit
521 674 567 690 linem
577 678 613 694 ape-

67 699 115 717 riens
126 698 170 714 lesus
180 698 221 719 apud
232 698 278 714 Marc
290 698 310 716 X.
319 698 339 714 45
350 700 364 714 et
375 698 428 714 Matth.
438 698 473 717 XX,
485 698 506 714 28
516 698 539 714 sic
549 698 615 715 traditur

67 723 139 739 loeutus:
148 721 174 738 καὶ
181 722 211 744 γὰρ
221 722 229 738 ὁ
240 721 273 740 υἱὸς
283 722 311 738 τοῦ
322 721 402 744 ἀνθρώπου
413 721 440 738 οὐκ
450 711 496 741 nien
506 721 613 742 διακονηθῆναι

68 745 109 762 ἀλλὰ
115 740 204 766 διακονῆσαι
210 746 235 762 καὶ
241 745 292 762 δοῢνι,
298 746 327 766 τὴν
333 746 386 769 ψυχὴν
392 746 439 762 αὐτου
431 745 499 769 ”λύτρσν
505 746 538 762 ἀντὶ
544 745 612 763 πολλῶν.

67 772 110 788 Intra
120 772 183 791 hujusce
197 772 234 792 logii
248 772 378 792 interpretationis
390 771 458 788 criticam
469 772 495 788 ubi
509 772 612 790 instituemus.

68 797 174 817 cognationem
181 800 212 817 qua
219 800 254 812 cnm
261 796 332 812 cantibus
338 796 446 812 Ebed-Jahveii
453 796 544 816 devincitur,
553 801 571 813 ex
579 801 613 817 pro-

68 820 109 837 fesso
122 821 263 837 determinabimus.
278 821 341 837 {nterim
355 821 439 837 advertisse
451 821 517 837 sufficiat
531 821 614 837 Dominum

68 845 106 861 illud
115 846 165 866 ipsum
173 849 230 862 munus
237 845 277 866 quod
285 846 359 866 propbeta
369 845 385 861 in
392 846 501 862 servo-Iahveh
510 846 577 862 celebrat
583 846 614 862 sibi

67 871 169 891 assumpsisse
178 875 183 887 z
191 874 238 891 quum
245 870 301 887 habeat
307 871 332 890 ius
339 870 359 887 ad
369 870 449 891 obsequia,
457 875 518 887 servum
529 875 546 887 se
556 871 614 887 eonsti-

67 895 105 915 tuit;
118 895 197 911 servitium
210 895 300 916 praestitum
311 899 388 911 summum
401 897 425 911 est
437 899 484 915 quum
496 895 516 911 ad
529 896 552 911 sui
565 895 613 911 tradi-

67 920 125 936 tionem
136 920 220 940 pertingam
231 920 269 936 haec
279 919 340 936 tandem
351 919 412 936 traditio
426 920 491 940 pretium
504 920 615 940 redemptionis

67 948 95 965 pro
104 944 156 960 multis
163 944 247 960 constituit.
256 944 285 961 Ubi
294 944 344 965 itaque
354 944 429 960 Dominus
439 944 479 960 bane
489 944 612 965 soteriologicarn

68 969 163 985 functionem
176 969 226 989 ipsius
238 973 274 985 suae
287 969 388 990 apparitionis
400 969 446 985 linem
458 969 548 990 proclamat,
562 973 614 986 nonne

68 994 112 1010 obvie
120 994 184 1010 iniertur
192 994 242 1014 ipsum
250 998 266 1010 se
274 998 309 1010 cum
317 993 420 1010 ebed-Jabvell
429 994 532 1010 identiiioaret

89 1019 104 1035 3.
116 1019 204 1039 Descriptae
216 1019 332 1039 proclamationi
344 1019 395 1039 plures
406 1019 488 1035 succedunt
498 1019 544 1038 aliae,
556 1019 612 1039 quibus

67 1044 97 1060 boc
104 1044 182 1064 proprium
190 1044 261 1064 estquod
268 1043 332 1060 Messiae
340 1046 402 1063 sortem,
408 1046 453 1064 prout
460 1044 476 1060 in
484 1046 554 1060 concreto
561 1044 612 1060 sutura
