800 1319
420 112 513 128 -2-

192 158 280 174 christianis
288 160 368 178 ooopertus
373 160 401 173 est.
409 157 448 173 Hinc
455 157 535 177 religionis
541 157 673 176 univessalismus,
680 157 736 173 Christi

192 182 237 198 morti
252 182 321 200 innixus.
335 182 462 198 nonobstantibus
476 182 589 198 iudaizantium
604 182 691 199 conatibus,
705 186 736 198 non

192 207 286 227 triumphare
298 211 329 223 non
342 207 397 226 potuit.
408 209 423 222 et
435 210 492 225 revera,
504 208 539 227 post
551 210 608 222 annum
620 206 640 222 70
651 206 736 222 tendentiae

191 232 295 252 antipauiinae
311 232 373 252 vestigia
388 231 427 251 apud
444 231 537 247 christianos
551 231 576 247 vix
590 233 677 247 occurrunt.
692 231 736 247 Nunc

191 258 242 272 autem
250 256 289 272 circa
297 256 335 272 iilud
344 258 403 276 tempus
410 258 471 272 exarata
480 256 550 272 videntur
557 256 586 272 tria
594 254 673 276 evangelia
680 260 735 276 synop-

191 281 222 296 tico
231 285 234 296 :
243 280 262 296 de
270 281 331 300 quibus.
340 284 387 300 ouum
395 282 411 296 ut
420 280 454 296 iidei
465 283 480 296 et
490 278 603 300 praedicationis
615 280 664 296 fontes
671 282 686 296 et
693 280 735 296 aedi-

192 306 267 321 ficationis
274 305 364 321 documenta
372 309 388 321 sc
396 305 466 321 exhihere
474 305 559 323 videantur.
568 305 651 325 inquiritur
658 306 709 320 utrum
718 305 735 320 in

191 330 223 346 iliis
230 334 269 350 quae
276 334 311 346 cum
319 330 388 346 doctrina
395 330 501 350 soteriologica
509 330 590 346 cohaerent
595 330 639 348 locis,
646 333 676 345 non
684 329 736 350 potius

191 355 235 371 Pauli
243 355 266 371 vel
274 355 360 377 primitivae
368 355 481 371 communitatis
488 358 534 375 quam
542 354 592 375 ipsius
602 354 658 370 Christi
667 356 734 370 mentem

191 380 282 400 exprimant.

210 404 315 424 Tubingianae
322 404 388 423 scholae.
402 408 440 424 quae
451 404 560 420 christianismi
572 403 648 424 originem
656 408 674 420 ex
682 403 733 424 luctis,

190 433 230 449 quae
242 429 349 449 pctrinismum
363 429 402 444 inter
415 431 429 444 et
443 428 554 449 pauiinismum
569 429 651 449 viguerint.
666 429 734 444 derivare

189 453 249 473 sategit,
259 453 325 469 influxus
332 453 373 473 apud
381 453 432 473 plui-cs
439 453 531 469 recentiores
539 455 609 473 exegetas
620 453 636 468 in
647 453 676 469 hoc
684 453 733 469 maui-

190 478 254 493 l'estatur
259 477 300 497 quod
306 477 412 497 soteriologiae
418 478 484 497 primum
491 482 581 498 praeconem
588 482 618 494 non
626 478 676 498 ipsmn
682 478 734 494 iesum

190 502 217 518 scd
225 502 289 518 Paulum
297 502 391 522 proclament
400 506 404 517 ι
414 502 458 521 cujus
467 502 552 518 sententiae
563 502 660 522 antesignani
671 504 707 518 sunt
717 502 733 518 in

189 527 271 543 Germania
278 526 296 543 Ο,
306 526 387 542 Piieiderer
395 529 409 542 et
420 527 439 542 li.
451 527 548 546 Hoitzrnann,
561 527 577 543 in
590 527 645 546 Gaiiia.
654 527 672 543 Α.
682 527 732 547 Loisy.

189 551 255 570 Quidam
263 554 313 567 tamen
321 554 396 570 auctores.
407 554 489 571 praecunte
499 552 518 568 A.
530 552 606 570 Harnack,
615 551 669 570 innixi,
678 554 695 568 ut
703 552 732 572 ipsi

189 578 269 595 testantur.
282 576 368 592 testimonio
382 576 431 596 ipsius
443 576 508 596 apostoli
520 577 604 592 asserentis
617 577 623 592 1
636 577 671 592 Cor.
682 577 709 593 XV
716 581 733 592 se

188 601 305 621 soterioiogirae
312 601 366 617 mortis
374 601 434 617 Domini
443 601 503 617 virtutis
514 601 617 621 cognitionem
625 606 634 617 a
644 601 732 620 traditione,

189 625 205 641 id
216 628 239 641 est
249 630 257 641 a
269 625 347 646 primitiva
359 626 467 641 communitate
478 626 561 646 accepisse,
573 628 588 642 et
598 626 645 641 simul
653 626 681 642 rati
690 626 733 642 iliam

188 650 273 666 doctrinam
287 654 334 670 quam
345 652 361 666 ut
373 650 483 666 christianismi
493 651 577 667 essentiam
588 650 689 670 considerant,
702 654 732 667 non

188 675 269 691 cohaerere
277 679 312 691 tum
320 675 423 695 soterioiogia.
433 676 479 696 hujus
489 676 555 696 primam
563 676 639 696 originem
647 676 732 696 primitivae

187 700 293 716 communitati
302 700 419 716 adscribendam
427 704 460 716 esse
468 703 571 720 propugnant.

208 725 252 741 Nunc
259 727 315 743 autem,
324 724 385 744 dempto
393 727 447 744 quarto
458 725 536 745 evangelio
544 734 563 736 —
571 725 615 745 cujus
627 725 732 741 auctoritatem

186 749 275 765 historicam
286 749 340 766 critici.
351 751 367 765 ut
378 749 467 769 plurimum.
479 750 570 769 impugnant
577 758 597 761 -
605 750 633 765 tria
643 751 732 769 argumenta

186 774 268 794 praecipua
280 773 402 793 soterioiogicam
410 773 495 790 doctrinam
506 774 535 794 ipsi
544 774 603 790 Chrisw
614 774 731 790 adscribendam

187 803 226 817 esse,
238 799 312 814 conticere
323 798 392 814 vitientur
403 803 407 814 1
419 799 485 819 primum
499 799 593 815 constituunt
605 799 650 819 plura
663 799 701 817 loca.
715 799 731 814 in

187 823 243 843 quihus
256 823 300 838 lesus
313 827 348 838 cum
362 823 480 839 ‹ebed-iahveh
487 829 501 842 ι,
515 828 560 844 quem
574 824 621 839 isaias
634 827 661 843 pro
674 823 731 843 populo

186 851 268 867 passurum
276 850 291 863 et
298 847 393 867 expiaturum
405 852 438 864 esse
448 848 538 864 vaticinatus
549 848 604 866 iuerat.
612 852 629 864 se
640 848 730 867 identificat;

186 872 270 888 seeundum
278 872 365 892 suppeditat
373 872 429 888 Christi
438 872 501 893 logium,
508 873 554 888 Marc.
561 873 581 891 x,
588 873 688 888 45=Maith.
695 873 730 891 XX,

186 897 207 913 28
217 897 289 916 relatum
303 897 364 913 tertium
375 897 436 913 tandem
448 897 549 913 iustitutionis
561 897 669 913 eucharisticae
680 897 731 913 verbis

186 921 272 937 instruitur.
286 921 354 940 Quorum
369 922 491 938 testimoniorum
505 922 535 937 vim
550 921 635 940 infr-acturi.
652 921 731 941 utriusque

186 946 272 966 assignatae
278 946 362 962 senientiac
369 946 436 962 asseclae
442 946 461 962 ad
467 946 597 966 interpretationis
602 945 634 961 sive
640 946 730 962 authentici-

186 970 222 986 tatis
229 970 297 986 criticam
305 975 321 986 se
329 970 415 986 conserunt.
424 970 466 989 Quod
474 974 504 990 quo
514 970 547 990 jure
555 970 612 986 iaciant
622 970 729 989 examinatori,

186 996 202 1011 in
214 995 261 1015 priori
273 996 328 1015 capite,
337 996 407 1016 generale
418 999 474 1011 munus
485 995 601 1015 redemptivum.
611 995 651 1015 quod
661 995 730 1011 Christus

185 1020 215 1036 sihi
223 1021 307 1040 assumpsit
319 1021 385 1040 assequi,
394 1020 410 1036 in
421 1020 507 1040 posteriori,
517 1020 595 1040 proprium
606 1020 672 1036 valorem
683 1024 729 1040 quem

185 1045 231 1061 morti
237 1049 273 1061 suae
278 1045 381 1061 vindicavitex
387 1045 425 1061 locis
430 1045 523 1065 specialibus
529 1045 629 1061 determinare
635 1047 727 1065 satagemus.
