800 1319
277 117 380 133 ..57-

49 162 107 182 duplex
122 163 189 178 occurrit
201 163 289 183 hypothesis
299 163 379 184 possibilis
391 168 395 179 :
407 163 430 179 vel
444 168 488 180 versu
501 164 521 180 20
533 164 599 185 simplex

49 187 147 207 protrahitur
155 187 236 207 pat-abtum
244 191 275 208 quo
283 188 299 204 in
306 192 349 207 casu,
357 188 407 208 prima
414 188 482 208 ejusdem
490 192 543 205 versus
553 189 598 205 verba

49 209 140 227 ἐλεύσονται
148 210 164 227 δέ
170 211 233 234 ἡμέραι,
241 216 289 232 quum
296 216 331 228 cnm
338 212 412 233 allegoria
419 213 516 232 cohaereant,
522 215 538 229 nt
546 213 598 233 spuria

49 236 154 256 expungenda
166 238 210 256 sunu
219 236 241 252 vel
253 237 286 257 ipse
297 237 367 253 Christus
377 241 387 253 a
396 237 470 258 parabola
480 237 499 253 ad
509 238 598 258 allegoriam

48 261 134 276 transitum
142 260 206 280 taciens.
215 261 256 281 quod
263 261 307 281 prius
314 261 416 278 instituendae
423 262 543 282 comparationts
549 262 598 282 gratia

48 285 149 304 adhibuerat,
156 285 186 302 sibi
191 285 229 305 jam,
236 287 253 301 ut
259 288 324 302 mortem
329 290 373 302 suam
379 286 493 305 vaticinamur.
502 287 576 307 applicuit
583 292 598 303 ι.

69 310 137 330 lnsnper
145 314 180 326 vero
188 310 206 326 Α.
217 310 262 330 Loisy
272 312 287 326 et
294 311 313 326 Α.
321 310 389 327 litlicher
400 311 484 331 procedunt
493 315 503 328 a
512 311 551 327 falso
561 316 598 332 sup-

49 335 99 355 posito
105 335 159 351 lesum
166 335 181 351 in
187 339 215 351 sna
220 336 319 356 responsione
324 336 409 356 quidquam
414 336 480 352 voluisse
487 336 597 353 demonstrare.

48 361 111 376 Etenim
119 361 179 381 positae
189 361 275 381 quaestioni
285 365 332 381 quare
343 361 415 381 discipuli
427 361 476 381 ipsius
487 365 517 377 non
524 361 598 381 jejunent,

48 385 143 405 simpliciter
150 385 210 406 reponit
218 385 242 401 his
249 385 323 405 quamdiu
331 386 371 406 apud
379 386 430 406 ipsum
438 388 517 402 versantur
523 386 597 406 jejunium

48 414 80 426 non
86 414 122 426 esse
128 410 247 429 observandum.
254 412 308 430 sponte
314 412 364 426 autem
370 410 432 426 eosdem
439 413 473 430 post
479 411 528 431 ipsius
534 413 597 427 mortem

49 439 82 451 esse
88 435 192 455 jejunaturos.
201 435 253 451 videri
261 435 324 455 quidem
331 438 383 455 posset
391 435 437 451 talem
445 436 559 455 responsionem
568 440 597 456 qna

48 459 126 479 jejunium
138 461 190 480 postea
200 464 210 475 a
219 459 301 479 discipulis
312 460 424 476 observandum
435 460 527 480 praedicitur
540 460 599 480 positae

50 484 137 504 quaestioni
148 488 176 500 cur
183 484 208 500 hio
215 486 230 500 et
237 488 278 500 nurc
287 484 396 504 poenitentiam
405 488 435 500 non
443 487 494 505 agant.
504 489 534 500 non
541 485 596 505 aptari.

50 509 106 525 Verum
118 509 198 529 responsio
209 509 328 525 demonstrativa
341 513 368 525 nec
379 509 395 525 in
407 509 462 525 tradita
473 510 597 530 interpretatione

51 534 96 554 Loisy
101 534 168 550 habetur
175 538 179 550 :
186 537 254 553 quonam
259 534 300 550 enim
308 534 327 550 de
335 534 391 550 motti-o
399 534 481 550 relationes
488 535 544 555 quibus
552 535 597 551 disci-

50 558 81 578 puli
95 559 133 574 Iesu
146 558 253 574 devinciuntur
267 562 302 574 cnm
317 559 377 579 gaudiis
392 559 487 579 nuptialibus
501 559 598 579 aequiparari

51 583 111 603 possint
118 585 134 599 et
141 583 274 603 debeant—quod
282 583 344 603 quidem
351 584 367 599 in
373 584 492 600 demonstrativa
498 584 597 604 responsione

51 607 106 624 fuisset
111 607 158 624 cardo
163 607 298 624 rei—nullatenus
302 608 391 628 explicatur.
397 608 466 624 Ceterum
472 612 519 628 quum
525 612 598 628 sequaces

52 632 170 648 Pharisaeorum
176 634 190 648 et
195 632 259 648 loannis
265 632 340 653 Baptistae
346 637 377 649 non
383 633 445 653 quidem
451 633 493 649 omni
501 632 526 649 die
532 633 558 649 sed
564 633 598 653 qui-

52 656 118 673 busdam
123 657 229 673 determinatis
235 657 289 673 diebus
295 659 310 673 et
317 657 412 678 temporibus
419 657 528 677 poenitentiam
536 660 600 678 agerent.

52 682 92 701 (Luc.
102 682 121 701 V,
132 682 163 701 33),
171 682 222 698 stricte
233 682 309 702 loquendo
319 682 406 698 nolvehatur
417 682 495 702 proposita
505 682 569 702 objectio
579 686 596 698 ex

52 706 79 722 hoc
90 706 132 727 quod
142 706 213 726 discipuli
224 706 279 723 Christi
291 709 343 727 postea
353 707 435 727 jejunaturi
446 707 483 726 sint,
495 711 599 727 praesensque

53 733 113 751 ternpus
120 731 221 747 abstinentiae
228 733 330 751 opportunum
339 735 369 747 non
377 732 396 747 sit
406 735 410 747 t
418 731 457 747 hanc
464 733 515 747 autem
525 731 598 751 inoppor-

52 756 132 772 tunitatem
143 756 235 772 sufficienter
246 756 303 772 indicat
315 756 362 776 ligura
373 756 426 776 sponsi
434 758 449 772 et
457 756 523 772 tiliorum
534 756 597 772 thalami

53 780 83 796 sive
90 780 145 796 eadem
153 784 199 796 sensu
207 780 289 801 allegorico
297 781 321 800 (ι),
329 781 361 797 sive
369 781 456 801 parabolice
464 781 564 801 intelligutur.

72 805 118 821 Circa
125 807 185 825 tempus
191 805 211 821 ad
219 805 260 825 quod
271 805 366 825 colloquium
377 805 418 825 quod
428 805 494 821 examini
506 806 600 825 subjecimus

53 829 149 845 retr-rendum
157 830 183 848 sit,
191 830 271 846 verbulum
279 830 366 846 addendum
374 832 448 850 superest.
457 830 476 846 Et
485 830 537 846 statim
547 831 599 846 ohser-

53 854 119 870 vandnm
127 854 189 870 obvenit
199 854 237 870 illud
247 854 293 873 idem,
302 855 370 874 praecise
377 855 397 871 ob
408 855 458 870 locum
469 858 515 875 quem
526 855 542 870 in
553 859 597 871 evan-

54 879 97 898 geliis
108 879 172 895 sortitur
182 878 201 895 ad
213 879 278 899 primam
289 879 370 895 ministerii
382 879 443 895 Domini
455 882 513 900 partem
524 883 554 895 non
565 883 598 895 esse

54 903 155 919 referendum.
165 903 214 919 Lucae
221 903 262 919 euim
272 905 286 919 et
297 904 368 919 Matthaei
379 904 481 920 narrationem
492 908 502 920 a
513 904 563 920 Marco
574 908 599 920 ca-

54 928 108 944 nonico
121 928 193 949 pendere,
207 928 247 949 quod
261 929 279 945 Α.
293 929 360 945 J‘tilicher
374 931 389 945 et
401 929 420 945 G.
434 929 517 945 Hollrnann
531 931 600 948 tuentur,

54 953 105 969 omnia
116 953 188 973 suadent;
199 953 219 969 ab
229 953 277 970 altera
287 955 335 974 parte,
344 954 406 970 Marcus
416 954 499 970 sectionem
507 954 526 973 ll,
535 954 580 973 t-llt‚
588 954 601 970 6

55 977 73 993 ad
85 982 132 998 quarn
145 977 203 994 dictum
215 978 308 998 colloquium
322 978 392 999 pertinet,
408 983 439 995 non
450 980 481 995 tarn
491 978 601 1001 chronologice

55 1005 99 1021 quant
113 1002 162 1023 logico
174 1002 258 1018 construxit
271 1007 275 1019 ι
289 1003 380 1019 coadunavit
392 1003 434 1019 enim
448 1003 490 1019 varia
504 1003 544 1019 facta
559 1003 601 1019 vitae

70 1056 88 1071 (Ι)
96 1056 124 1069 Gir.
130 1056 151 1069 Jo.
158 1056 180 1073 tn,
187 1056 208 1069 w.
