800 1319
393 102 486 119 -6-

166 148 275 168 cnjuscttmque
283 148 344 164 tandem
355 148 420 168 origmis
430 148 466 166 sint.
475 152 523 164 unum
534 148 611 168 quoddam
621 152 676 168 poema
686 148 710 164 vel

166 177 214 189 unum
227 173 294 193 plurium
306 175 393 193 poematum
404 173 475 193 organice
487 173 507 189 ad
520 173 585 189 invicem
597 173 711 189 cohaerentium

166 198 263 218 complexum
270 198 364 214 constituunt
373 202 376 214 ε
384 198 427 217 hinc,
435 202 482 214 unam
489 202 523 214 esse
533 200 548 214 et
558 198 627 214 eamdem
637 198 654 213 in
664 198 711 214 variis

167 223 206 239 lonis
220 223 284 239 adhibiti
299 223 339 239 tituli
354 228 361 237 ι
370 223 472 239 ebed-Jahveh
481 228 488 237 ι
502 222 629 243 significationem
641 226 651 238 a
663 222 711 242 priori

167 248 296 264 verisimillimum
304 249 332 264 est.
339 248 408 264 Iamvero
416 248 431 263 in
440 247 510 268 pluribus
518 247 556 263 locis
563 249 578 263 et
584 247 663 268 signanter
670 247 710 267 XLI,

166 273 185 292 8;
193 273 240 292 tht,
250 273 304 292 19-222
313 273 367 291 xottt.
377 272 404 292 10;
412 273 465 292 xmv,
474 272 489 291 1,
497 272 513 291 2,
521 272 549 292 au
559 272 605 291 xnv,
613 272 631 292 4;
642 272 710 291 xnvttt,

167 297 195 317 20;
209 297 263 316 XLIX,
278 297 287 313 8
299 297 376 317 explicitis
388 297 439 313 verbis
452 297 497 313 Israel
512 297 568 313 dicitur
580 301 633 313 servus
647 297 710 313 Jahveh.

168 322 190 338 Ex
198 324 267 338 contexta
275 322 326 342 itaque
333 321 401 338 orationa-
409 321 532 342 probabilissimn
543 321 629 341 conjectura
639 321 712 338 suadetur

168 346 218 366 ipsum
226 347 300 367 populum
308 346 353 362 Israel
362 346 390 362 sub
398 346 488 366 mysterinsa
495 346 543 366 figura
550 346 664 366 agnoscendum
671 350 710 363 esse.

167 371 184 386 2⁰
191 371 207 387 Si
216 371 250 391 quis
258 373 308 387 tamen
316 370 379 386 miretur
386 370 457 387 attributa
465 370 525 386 altioris
532 370 590 386 ordinis
598 370 650 386 Israeli
658 370 710 390 tribui,

168 396 222 412 sedulo
232 396 300 412 advertat
311 397 374 416 oportet,
386 400 421 412 cum
432 395 543 412 Deutero-Isaia
554 399 609 411 novum
620 395 712 411 evolationis

167 421 248 441 religiosae
261 421 324 440 hujusce
336 420 389 441 populi
402 420 468 436 stadium
482 420 568 440 incoepisse
581 424 585 436 ε
598 420 659 436 exhibet
670 420 712 436 enim

167 446 241 465 propheta
254 445 311 461 Iahveh
324 447 402 465 tamquam
414 445 502 465 prophetiae
515 447 530 461 et
540 445 613 461 historiae
626 444 711 464 dominum,

167 470 216 486 Deum
226 470 294 488 unicum,
304 470 389 486 Creatorem
400 471 415 485 et
425 469 544 488 Providentiam,
553 473 604 485 coram
616 473 646 489 quo
656 469 712 489 reliqui

166 494 223 510 elohim
229 494 267 510 nihil
274 494 344 510 videntur
349 498 377 510 nec
383 496 426 513 sunu
433 498 484 514 porro,
489 494 535 510 simul
541 498 576 510 curn
581 494 639 510 Jahveh
646 494 712 514 populus

165 519 237 539 judaicus
248 519 348 534 universalem
360 522 387 534 seu
400 518 482 534 eosmicam
494 518 622 538 significationem
633 518 696 534 sortitur
707 522 711 534 z

168 543 181 559 si
189 543 230 559 enirn
237 543 295 559 Jahveh
303 543 358 559 unicus
365 545 388 559 est
396 543 441 562 Deus,
451 543 513 559 nonnisi
522 543 584 563 populo,
593 547 659 563 quocum
667 543 713 559 histo-

168 568 208 584 ricas
215 568 296 584 relationes
304 568 363 587 habuit,
372 568 427 588 cuique
434 568 548 588 prophetiarum
557 568 643 584 custodiam
651 567 714 584 deman-

168 593 215 612 davit,
223 592 309 609 universale
317 593 333 608 in
344 593 433 609 oeconomia
443 593 555 613 supernaturali
567 596 623 608 munus
633 592 711 613 competit.

168 618 211 637 Quod
219 618 271 638 itaque
278 618 360 638 prophetae
368 618 384 634 in
391 618 436 634 Israel
445 617 492 637 ruere,
500 618 538 638 legis
544 621 599 638 nempe
606 620 621 633 et
628 617 713 638 sapientiae

167 647 255 663 praecones.
267 643 282 658 id
294 643 327 663 ipse
338 643 383 659 lsrael
395 643 441 659 relate
453 642 472 659 ad
483 643 521 659 alios
533 642 598 663 populns
609 643 711 658 constituitur.

167 667 214 687 Cujus
221 667 289 683 muneris
296 668 384 684 commissio
392 668 476 684 honorifico
485 668 547 683 nomine
559 668 605 684 ffifl*
615 667 650 683 725
661 667 712 688 ettpri⁴

167 692 222 712 mitur3
231 696 318 712 munusque
325 692 363 708 illud
371 694 388 708 ut
395 692 439 708 obeat
447 692 503 708 dicitur
510 692 556 708 Israel
565 695 625 708 creatus
633 695 648 708 et
657 692 713 712 spiritu

165 717 223 733 Jabveh
234 717 306 733 inunctus
317 717 369 736 (XLII,
378 716 412 735 1-4;
424 717 476 735 XLIV,
485 716 513 736 21;
525 717 579 736 XLIXy
589 717 596 732 l
605 720 636 737 sq.;
648 717 666 736 L,
676 717 711 736 49:

167 742 192 760 LI,
200 741 216 757 4.
224 741 268 757 Nune
276 743 332 760 autem,
341 741 449 757 demandatum
460 740 489 757 sibi
497 745 554 757 munus
564 741 601 757 dum
612 741 666 760 obiret,
675 741 713 757 inte-

167 766 207 782 ritus
217 766 249 782 sive.
259 765 328 781 devictus
339 767 362 781 est
372 765 427 784 Israel3
438 765 464 785 qui
476 765 546 781 interitus
553 770 567 782 c.
577 766 608 785 LII.
617 766 683 785 73-L11t,
692 765 712 782 12

164 790 257 806 describitur
267 794 271 806 z
283 790 320 806 haee
331 790 382 810 itaque
392 790 448 810 capita,
460 794 507 810 quum
519 791 583 811 figurato
596 794 666 807 sermone
677 794 712 811 pae-

167 815 226 831 sionem
238 817 252 831 et
265 817 330 831 mortem
343 815 402 835 populi,
414 815 477 835 ejusque
490 815 573 834 gloriosam
586 815 712 832 resurrectionem

164 840 259 859 describant,
271 840 311 860 quod
324 842 339 856 et
351 840 407 860 psalmi
418 840 454 856 XXI
466 842 519 856 auctor
529 840 609 860 intellexit,
621 844 639 856 eo
653 842 712 856 tantum

168 869 214 881 sensu
222 864 313 881 messiantca
319 864 348 881 dici
356 867 426 885 possunt,
433 864 473 885 quod
481 865 534 885 populi
542 865 629 881 theocratici
636 867 712 881 restaura-

165 889 225 905 tionem
232 891 247 905 et
254 889 343 910 religiosam
353 889 480 909 significationem
492 889 593 906 universalem
605 890 711 906 vaticinentur.

187 914 276 934 Expositam
284 914 374 930 sententiam
382 914 486 934 dijudicaturi,
495 914 512 930 in
522 914 612 930 memoriam
623 918 712 930 revocamus

163 940 220 955 vcantus
228 938 329 955 ebed-Jahveh
335 938 377 958 juxta
384 938 478 958 primitivam
485 943 529 955 suam
537 939 639 955 redactionem
646 939 666 955 ad
676 943 711 955 con-

163 965 230 980 textum.
239 963 255 979 in
264 967 294 983 quo
302 967 342 979 nnnc
349 963 402 979 inserti
410 963 512 983 reperiuntur,
520 963 620 983 probabiliter
627 968 658 980 non
666 964 711 984 perti-

167 988 225 1004 nuisse.
238 988 312 1007 Quocirca
326 988 438 1008 argumentatio
453 988 536 1004 hodiernae
550 988 619 1009 ipsorum
633 990 712 1005 contextae

167 1013 232 1030 orationi
246 1013 307 1032 innixa,
322 1013 400 1034 primitivo
415 1013 466 1029 sensui
481 1013 597 1029 determinando
611 1013 713 1033 probabiliter

162 1038 218 1058 inepta
231 1039 259 1054 est.
273 1038 350 1058 Attamen,
364 1038 400 1058 quia
412 1038 429 1054 in
442 1038 518 1058 praesenti
531 1038 641 1054 controversiae
655 1038 713 1058 stadio,
