800 1319
301 126 402 143 „19-

77 177 122 190 suum
130 175 217 189 contextum
225 173 287 189 versari.
296 172 340 191 Quod
348 172 454 192 phenomenon
462 172 503 192 quod
512 172 528 188 in
538 172 621 192 evangeliis

77 202 123 218 saepe
134 197 195 218 saepius
208 197 279 216 occurrit,
291 201 339 217 exque
352 196 414 217 speciali
425 196 564 217 hagiographorum
575 200 622 217 scopo

77 225 104 239 aut
111 227 129 239 cx
137 222 205 238 instabili
213 222 282 242 quentin
290 221 364 238 catechesi
372 221 450 241 primitiva
457 221 501 241 plura
512 221 553 241 logia
561 222 622 237 tenuere

78 248 111 264 loco
122 247 229 267 explicandum
240 248 268 265 est,
280 246 296 262 in
307 246 384 266 praesenti
395 250 432 262 casu
444 250 462 262 eo
472 245 524 261 minus
534 245 580 261 habet
590 249 622 261 mo-

77 274 152 291 mentum,
164 271 205 292 quod
218 272 267 287 Lucas
279 271 338 287 nuliam
352 270 441 286 relationem
456 270 579 290 chronologicam
593 270 621 286 sed

77 297 122 317 quasi
130 296 274 317 asyndetice'piures
279 297 342 311 eventus
348 297 414 315 exponat
420 299 424 311 z
431 294 456 310 mi
463 294 510 313 εῑπιν,
519 294 544 310 καὶ
551 293 619 313 έξέλθων.

77 321 164 338 Notandum
176 321 238 341 insuper
248 320 315 339 obvenit,
328 320 384 336 Lucam
394 320 427 340 pari
438 319 483 336 niodo
494 319 540 335 etiam
552 319 621 340 praedic-

78 346 136 362 tionem
148 346 201 366 lapsus
213 345 254 361 Petri
266 347 308 361 extra
318 345 408 361 historicum
419 349 463 360 auum
474 346 561 360 contextum
571 348 622 360 semo-

77 371 124 390 visso,
133 372 149 386 ut
156 375 175 386 ex
181 371 232 386 Marso
239 370 280 389 xlv,
288 370 308 386 30
314 377 333 382 =
338 370 390 385 Matth.
397 369 451 388 XXVI,
458 369 478 385 24
486 369 549 385 indubie
556 371 621 385 constat*

78 396 118 412 Hinc
128 399 176 415 quum
188 395 238 411 dictae
250 395 359 415 praedictionis
369 394 447 410 authentia
458 394 545 410 labefactari
556 396 622 414 nequeat

78 424 96 435 ex
104 424 122 436 eo
129 419 170 440 quod
178 419 194 435 in
202 419 245 435 tertio
255 419 334 439 evangelio
345 418 395 435 locum
407 418 491 434 indebitum
503 418 579 437 sortiatur,
588 418 621 438 pari

77 444 130 463 modo,
138 444 186 460 nostri
194 444 231 464 logii
242 442 329 464 genuinitas
340 447 358 459 ex
368 443 422 459 eodem
432 443 504 462 adiuncto
514 443 622 459 detrimentum

77 473 131 489 capere
139 469 197 489 nequit.

98 493 166 509 Tandem
176 493 256 509 manifeste
268 496 332 509 erronea
344 494 367 508 est
379 492 442 508 assertio
454 496 515 508 versum
528 492 547 508 37
560 494 621 508 senten-

77 518 133 534 tiarum
141 522 197 534 nexum
204 517 268 533 solvere.
277 517 377 537 impugnatus
384 517 425 533 enim
433 520 484 533 versus
491 516 566 532 rationem
571 516 622 532 reddit

77 542 120 558 iilius
132 542 222 558 mutationis
236 546 281 562 quam
295 542 311 557 in
324 541 434 562 discipulorum
447 541 533 557 conditione
546 541 621 557 Dominus

77 567 177 583 adventuram
187 567 248 582 nuntiat
257 570 261 582 ε
274 566 346 586 magister
355 566 397 586 juxta
408 570 463 582 areana
473 566 501 582 Dei
511 566 576 582 consilia
586 570 622 581 mox

78 591 160 611 tollendus,
170 591 202 611 jam
213 595 244 607 non
256 591 311 612 poterit
321 595 383 607 suorum
395 590 483 611 indigentiis
494 590 581 610 providere3
590 590 621 606 imo

77 616 168 636 persecutio,
183 620 214 636 qua
226 616 302 632 auferetur
313 616 362 634 lesus,
376 617 391 631 et
404 615 488 636 discipulos
501 615 569 635 attinget.
583 615 622 631 Sen-

78 641 125 657 tentia
140 641 191 661 itaque
205 645 219 656 v.
233 640 253 656 ³7
265 644 337 661 expressa
351 640 464 656 connaturalem
478 640 494 655 in
509 643 536 655 suo
551 641 622 656 contextu

78 665 129 681 loeurn
136 666 205 682 sortitur.

100 690 151 710 ltaque
159 691 228 706 Lucanae
236 690 307 710 pericope
314 689 430 706 historicitatem
438 689 499 705 nonnisi
507 689 586 705 arbitraria
592 689 621 705 im-

77 719 146 736 pugnare
153 717 180 731 aut
190 715 206 731 in
217 715 281 731 dubium
292 719 362 731 revocare
372 716 459 735 potuerunt.
472 714 519 734 Curius
531 714 621 734 interpreta-

78 740 136 756 tionem
143 739 184 760 quod
191 741 254 760 spectat,
261 740 289 755 etsi
295 740 342 756 Feine
347 742 362 755 et
368 740 386 756 G.
393 739 476 755 Eoiimann
483 739 569 755 dicentibus
576 739 621 755 verba

79 766 109 780 «et
119 768 154 780 eum
164 764 222 784 iniquis
232 764 313 784 deputatus
322 766 360 780 est»
371 768 399 784 per
409 768 425 780 se
438 766 453 780 et
465 763 548 784 praecisive
560 766 622 783 sumpta

78 788 116 804 nihii
127 788 183 804 habere
194 793 225 809 quo
234 789 288 805 mortis
295 789 356 805 Domini
365 789 408 804 valor
418 788 482 808 quilibet
492 788 573 807 indicetur,
585 792 621 804 eon-

77 813 175 829 sentiendum
182 813 208 832 sit,
216 817 234 829 ex
241 813 310 833 inspecto
319 815 369 829 tamen
380 813 426 829 modo
437 817 467 833 quo
478 813 531 829 eadem
542 817 551 829 a
561 813 621 829 Christo

78 838 173 856 invocantur,
186 838 282 858 prophetiam
293 838 345 854 stricte
357 838 413 854 dictam
426 840 441 854 et
453 838 515 858 quidem
528 837 546 854 de
559 842 621 854 munere

78 862 134 878 Christi
145 862 237 878 messianico
248 862 305 879 factam
315 863 340 879 hie
349 865 423 883 prostare,
432 867 463 878 non
470 863 547 879 immerito
554 863 621 879 sustine*

77 888 124 903 retur.
138 887 198 903 Etenim
209 887 225 903 in
237 887 279 903 fonte
289 891 317 903 suo
330 887 419 907 prophetico
432 887 478 903 citata
490 887 535 903 verba
545 887 564 903 ad
577 887 621 903 iuno-

78 911 135 927 tionem
148 911 266 932 redemptoriam
280 912 320 928 servi
334 912 391 928 Jahveh
403 911 465 928 indubie
479 912 556 931 pertinent
569 916 573 928 z
587 912 621 928 ideo

77 936 146 956 praecise
151 940 186 952 cum
194 936 252 957 iniquis
257 936 338 957 deputatur
345 937 418 953 innocens
425 936 466 956 quod
472 936 554 952 multorum
560 939 622 956 peccata

78 961 164 981 expiatione
172 961 240 977 tollenda
251 961 267 977 in
278 966 295 977 se
305 961 394 981 susceperit.
406 961 430 977 Ab
441 961 488 977 altera
499 961 560 981 quidem
572 964 620 982 parte,

77 986 94 1002 in
106 986 139 1006 ipsa
150 986 222 1002 citatione
234 990 238 1002 τ
251 986 285 1008 dipo
295 986 336 1002 enim
347 986 390 1002 vobis
399 986 471 1006 quoniam
482 986 532 1002 adhuc
541 986 571 1002 hoc
580 987 621 1007 quod

77 1011 151 1031 scriptum
162 1013 185 1027 est
195 1011 240 1027 debet
250 1011 311 1031 impleri
322 1011 338 1027 in
348 1015 372 1027 me
384 1015 388 1027 :
400 1011 419 1027 Et
429 1015 463 1027 eum
474 1011 532 1031 iniquis
540 1011 621 1032 deputatus

78 1037 106 1054 est,
118 1035 199 1052 manifeste
208 1036 299 1056 supponitur
310 1036 394 1052 invocatam
406 1036 502 1056 prophetiam
511 1035 545 1052 ideo
555 1035 620 1056 implen-

78 1060 113 1077 dum
122 1061 138 1076 in
142 1061 184 1081 lesu,
191 1061 227 1081 quia
235 1061 311 1081 passionis
317 1061 366 1081 ipsius
372 1061 489 1081 descriptionem
495 1061 562 1077 continet
569 1065 572 1077 τ
580 1061 620 1081 quod
