800 1319
150 1304 623 1316 μνη-Ψάμμ-

427 124 530 141 -90-

203 174 251 191 opere
264 170 328 186 messiae
342 170 434 191 speculatur.
447 172 462 186 et
476 170 553 186 orationes
567 174 606 190 quas
621 170 696 186 Dominus
709 170 750 190 juxta

207 195 273 211 Marcum
281 195 321 211 circa
329 195 385 211 exitum
394 199 439 211 suum
449 195 531 215 protulisse
542 194 611 213 retertur.
620 195 633 210 si
645 196 750 215 comparentur

207 220 247 236 inter
259 224 281 238 se,
293 220 353 236 similes
365 220 437 240 utrinque
449 221 531 240 conceptus
546 219 597 235 statim
611 219 748 239 deprehenduntur.

206 245 223 261 2⁰
230 245 290 260 Marcus
297 244 330 263 XV,
339 244 359 260 38
366 244 456 260 scissionem
463 244 493 260 veli
501 244 554 264 templi
562 246 626 260 mortem
634 244 696 260 Domini
703 244 748 260 comi-

207 271 264 285 tantem
272 269 358 289 legendarie
364 269 415 288 refert,
423 273 454 289 quo
460 271 525 285 veterem
533 268 582 288 legem
589 270 604 284 et
609 268 667 284 cultum
673 268 749 288 judaicum

207 294 254 310 linem
261 294 338 314 accepisse
345 296 360 309 et
367 294 437 310 homines
445 293 542 309 immediatas
549 297 584 309 cum
593 293 625 309 Deo
632 293 713 309 relationes
720 293 749 312 jam

207 318 252 337 inire,
263 318 346 338 symbolice
357 318 432 338 exprimat
444 322 448 334 ε
460 322 506 338 quatu
516 318 631 338 conceptionem
642 317 748 338 paulinismum

206 347 260 363 sapere
265 342 306 363 apud
312 347 365 359 omnes
371 343 387 358 in
392 342 463 358 confesso
469 344 496 358 est.
505 342 520 358 3⁰
526 342 605 362 Dogmatis
613 342 661 358 instar
668 342 708 362 apud
717 346 748 358 exe-

207 370 249 388 getas
257 367 342 383 admittitur
350 367 483 383 universalismum
492 367 508 383 in
515 371 531 383 re
539 367 593 383 salutis
600 371 618 383 ex
629 367 672 383 Pauli
683 367 748 387 specula-

207 391 275 408 tionibus
282 396 316 408 esse
323 393 390 411 enatum,
399 394 414 408 et
421 396 454 407 cum
463 391 532 408 doctrina
542 396 580 412 quae
590 391 661 411 specifice
671 391 690 407 ad
700 391 748 407 Chris-

206 419 239 433 tum
247 417 279 433 sive
286 417 306 433 ad
313 418 438 433 communitatem
445 417 538 437 primitivam
545 417 619 437 pertineat
625 421 656 433 non
663 417 747 435 cohaeret&

207 445 253 461 porro
260 441 336 458 secundus
343 442 436 462 evangelista
444 441 513 457 eamdem
523 441 609 457 doctrinam
617 441 646 461 ipsi
654 441 713 457 Christo
721 441 748 460 jam

208 466 293 482 adscribit:
302 467 343 485 xm,
353 467 378 486 ¹0,
390 467 430 485 XIV,
440 467 450 482 9
460 470 484 486 sq.
495 467 513 482 4⁰
523 466 590 482 Tandem
601 466 636 486 ipsa
647 465 749 486 terminologia

208 491 284 507 Marciana
294 492 338 507 Pauli
350 492 424 507 intluxum
435 491 496 507 denotat
508 495 512 507 z
524 491 547 507 sic
557 491 569 510 Ι,
582 491 602 507 14
644 490 724 512 κηρύσσων
733 489 749 505 τὸ

208 514 297 537 εὖαγγὲλιογ
307 515 334 531 τοῦ
345 515 390 535 Θεοῦ,
402 515 425 531 ὅτι
435 514 535 537 marl-asponon
546 514 554 530 ὁ
564 514 636 537 καιρὸς...
648 514 726 531 πιστεύετε
736 514 748 530 ἐν

207 540 230 561 τῷ
238 538 323 562 εὐαγγελίῳ
330 542 359 557 ete.

229 565 270 583 Quae
281 567 298 581 ut
308 565 336 581 rite
347 565 454 584 dijudicemus,
467 565 532 585 apostoli
543 565 618 580 inlluxum
629 564 728 580 doctrinalem
737 566 749 580 et

206 589 288 606 tormatem
296 589 349 606 sedulo
357 590 470 610 distinguamus
477 591 541 610 oportet.
549 590 564 605 Si
571 590 613 605 enim
621 589 690 610 posueris
698 589 748 605 doetri-

205 619 244 631 ·nam
251 615 270 631 ah
277 615 310 635 ipso
316 615 376 631 Christo
382 615 453 631 traditam
460 615 475 630 in
481 619 508 631 ore
513 616 528 630 et
534 614 562 631 sul)
567 614 627 630 calamo
633 614 676 630 Pauli
682 618 748 634 graecam

207 642 223 656 et
235 640 336 660 theologicam
349 640 414 656 [ormam
427 639 535 660 assumpsisse,
547 640 614 655 Marcum
625 641 676 655 autem
687 639 707 655 ob
717 642 749 654 suas

207 669 244 681 cum
255 665 323 685 apostolo
334 665 421 684 relationesv
432 664 500 685 ejusdem
513 664 626 681 vocabularium
636 668 681 680 suum
691 664 748 682 fecisse,

208 689 309 710 exspectanda
323 689 385 710 quidem
397 690 426 705 erit
439 690 478 706 inter
490 689 570 709 utriusque
583 689 683 709 hagiographi
697 689 748 708 scripta

208 715 278 735 cognatio
289 714 365 733 formalis,
377 714 414 735 quin
427 714 461 730 ideo
472 714 539 730 influxus
550 714 640 730 doctrinalis
650 713 749 729 admittendus

209 739 234 755 sit.
241 739 274 755 lam
282 741 333 755 autem
341 739 377 755 dum
385 739 452 759 priorem
458 739 549 759 simpliciter
555 738 656 757 admittimus,
663 738 726 754 alterum
733 741 749 753 ex

208 764 279 780 adductis
286 764 434 780 considerationibus
442 768 472 780 non
480 763 581 780 demonstrari
589 765 683 783 reputamus*

229 788 244 803 1.
256 788 374 804 Determinismo
388 788 440 808 aliquo
455 788 507 804 divino
521 788 561 803 vitae
577 787 639 804 Domini
656 787 696 803 facta
712 786 748 807 apud

208 814 290 832 utrumque
301 812 422 832 hagiographum
434 812 500 832 regulari
512 812 576 828 libenter
587 812 657 828 fatemur.
669 812 702 828 Vox
712 811 748 827 enim

209 835 234 852 δεῖ
242 837 288 853 Marc.
297 837 338 856 vnl,
347 837 365 853 31
377 840 458 853 occurrens
469 837 535 853 officium
546 837 587 857 quod
597 837 639 857 juxta
651 837 700 853 Patris
710 840 747 852 man-

206 861 268 881 datum,
283 861 331 878 libera
346 863 396 877 tamen
410 862 486 878 voluntate
502 862 561 878 Christo
576 862 663 878 obeundum
679 860 749 877 incumbit

209 887 276 903 denotat.
284 887 308 903 Ab
316 887 364 902 altera
373 889 416 907 parte
426 886 466 906 apud
477 886 546 907 gentium
557 886 643 906 apostolum
654 888 670 902 et
680 885 748 906 epistolae

209 911 228 927 ad
241 911 318 928 Hebraeos
332 913 414 930 auctorem,
429 911 521 931 theologiam
534 911 613 931 paulinam
626 911 664 927 hene
676 911 747 928 edoctum,

209 937 319 957 redemptionis
329 941 368 957 opus
378 941 397 953 ex
407 939 506 953 concurrente
517 937 567 952 Patris
577 938 592 952 et
603 936 638 952 Filii
649 936 708 952 actione
718 939 748 956 per-

209 961 265 977 fectum
278 961 352 980 exhiberi,
364 961 405 982 apud
416 966 469 978 omnes
482 961 499 977 in
512 961 582 977 confesso
595 963 623 977 est.
635 961 692 977 Verum
704 960 748 981 posito

210 986 261 1002 lesum
269 988 325 1002 sortem
333 990 377 1002 suam
385 986 483 1006 praevidisse.
492 986 522 1002 itno
530 986 546 1002 in
552 985 610 1002 Veteris
617 985 709 1002 Testamenti
717 984 749 1000 vati-

210 1011 255 1027 ciniis
260 1011 380 1031 praestabilitam
385 1011 453 1029 scivisse.
458 1011 508 1031 posito
514 1011 565 1031 ipsum
570 1011 668 1026 tentationem
674 1010 690 1026 in
695 1010 748 1026 deserto

210 1035 268 1051 victrici
276 1035 348 1055 patientia
354 1039 434 1055 superasse
440 1037 455 1051 et
460 1035 494 1051 loco
500 1035 609 1051 messianitatis
614 1035 691 1055 gloriosae
697 1034 749 1051 humile

209 1060 312 1076 ministerium
320 1060 360 1080 quod
368 1060 384 1076 in
390 1060 467 1076 Calvariae
475 1060 530 1076 vertice
537 1061 669 1076 consummaretur
676 1059 706 1075 sibi
714 1058 748 1075 sele-
