800 1319
407 121 510 138 -13-

187 166 255 183 invocata
263 167 314 187 passio
322 167 386 183 Messiae
394 167 469 183 tribuatur
478 167 563 183 iurmaliter
573 169 590 183 ut
600 171 657 183 munus
667 167 731 184 messia-

187 191 244 210 nieum,
251 195 270 207 an
278 193 336 207 tantum
344 194 361 207 ut
368 191 451 208 materialis
459 193 517 207 tantum
525 191 632 212 descriptionis
638 196 646 208 a
652 192 731 213 prophetis

186 215 235 232 factae
243 216 360 235 caraclcristica,
368 216 439 236 explicite
447 220 477 232 non
485 216 541 232 dicitur
546 224 572 235 —,
580 218 657 237 nequeunt
664 219 704 232 certe
711 217 730 233 ad

187 240 237 261 ipsum
251 240 307 256 Christi
322 242 382 261 tempus
397 240 455 259 referri,
472 245 511 261 quae
525 241 586 257 saeculo
597 241 611 257 11
623 241 668 257 obvia
679 245 731 258 oecur-

186 268 226 281 runt.
236 265 285 284 Quum
293 265 334 281 euim
342 265 401 281 soleant
408 265 461 281 ludaei
469 274 490 277 —
497 265 537 286 quoti
546 268 576 282 tota
587 266 655 286 ipsorum
666 266 730 282 historia

186 290 274 310 comprobat
280 298 305 309 -,
313 290 404 310 theologiam
410 294 454 306 suam
462 290 534 306 historico
542 294 592 306 rerum
600 290 645 306 statui
653 292 729 310 coaptare.

186 314 293 335 probabilitate
303 319 333 331 non
344 317 385 331 caret
395 315 447 336 opinio
458 319 533 334 asserens.
545 315 588 331 urhis
598 317 659 331 sanctae
670 315 730 331 ruinam

186 340 206 359 (a.
215 340 240 357 ¹10)
249 339 316 359 indeque
327 342 394 356 exortam
405 340 451 356 totius
462 340 529 356 nationis
539 342 595 356 sortem
606 340 678 356 miseram
689 340 731 356 hunc

186 364 258 380 habuisse
268 364 343 380 influxum
355 366 371 380 ut
382 368 427 384 quem
439 366 482 380 antea
493 364 600 384 exspectabant
611 368 662 385 regem
673 365 729 385 glorio-

186 392 226 407 sum.
235 392 269 404 cum
279 390 293 404 et
304 392 331 408 pro
343 388 400 408 populo
410 388 492 408 patientem
504 388 533 404 sibi
545 389 609 409 figurare
619 389 650 408 jain
661 391 729 409 possent.

187 413 250 433 insupcr
261 417 279 429 ex
289 413 390 429 Altercatione
402 413 470 429 Simonis
481 415 496 429 et
506 413 589 433 Theophyli
600 413 620 429 ad
631 413 708 429 saeculum
716 414 730 430 11

186 438 243 458 pariter
249 438 338 458 pertinnnie.
345 438 436 454 ludaeorum
444 438 497 454 saltem
505 440 564 458 partem
570 438 641 454 Messiam
649 442 730 459 passurum

186 463 246 482 pcuitus
254 463 332 483 ignorasse
340 462 403 478 eruitur.

206 487 244 503 Cum
251 487 330 507 evangelio
340 488 389 503 Lucae
400 489 460 507 ternpus
471 487 530 503 Christo
541 491 613 503 coaevum
624 487 687 508 propius
697 487 729 507 jam

185 511 271 527 accedimus
286 512 303 528 ln
311 512 433 531 praesentatione
440 512 475 528 Jesu
485 512 500 527 in
509 512 571 532 templo.
580 516 619 532 quae
627 512 643 527 in
650 511 729 532 evangelio

185 536 258 552 infamiae
269 536 344 556 descripta
355 536 435 556 reperitur,
447 536 509 552 Simeon
520 541 572 554 senex.
583 540 647 557 puerum
659 536 675 552 in
685 536 730 552 ulnas

185 563 266 581 postquam
279 561 343 581 accepit,
356 561 375 577 ati
388 561 451 577 Mariam
465 565 499 577 mox
512 565 600 580 conversus,
612 561 688 577 intensum
700 561 730 581 ipsi

185 586 226 602 hunc
237 586 253 602 in
264 586 326 602 modum
338 586 407 602 datorem
417 586 512 605 vaticinatur,
521 586 540 605 tt,
549 586 569 602 84
577 590 600 606 sq.
610 591 618 600 ε
625 586 663 602 Ecce
670 585 731 606 positus

185 612 208 626 est
215 610 240 627 hic
247 610 263 626 tn
272 610 332 626 ruinam
340 610 378 626 etin
386 611 511 626 resurrectionem
522 611 604 626 multorum
615 610 630 626 in
638 610 684 626 Israel
692 610 730 626 etin

185 636 246 655 signum
254 635 278 651 cui
286 635 403 651 contradicetur.
412 635 431 651 Et
440 637 481 651 tuam
491 635 541 655 ipsius
550 635 617 651 animam
627 635 688 655 gladius
695 639 730 655 per>

185 660 256 676 transibit
266 662 283 676 ut
295 660 380 676 revelentur
393 664 410 676 ex
422 660 475 676 multis
485 660 558 676 cordibus
568 660 668 680 cogitationes
675 666 688 676 ι.
701 660 729 676 Pa-

185 685 238 701 rallelo
249 685 301 704 modo,
313 685 379 701 loannes
390 685 459 704 Baptista
470 685 486 700 in
498 687 551 705 quarto
562 685 641 705 evangelio
652 685 729 701 Christum

185 710 253 730 agnoscit
261 712 277 726 ut
286 716 293 724 ι
300 713 357 729 agnum
366 709 400 728 Dei,
409 709 435 729 qui
443 709 482 725 tollit
490 711 551 729 peccata
559 709 612 725 mundi
620 715 627 724 ι
636 710 649 728 t,
657 709 682 725 29.

206 734 261 750 Verum
273 738 301 750 nec
312 738 329 750 ex
343 734 367 749 his
380 733 445 749 textibus
456 733 523 749 solidum
537 733 552 749 in
565 733 632 749 favorem
647 733 731 749 sentcntiae

185 759 263 775 wunsche
276 760 383 779 argumentum
396 757 455 773 desumi
469 759 523 778 potest.
536 758 589 774 Priora
602 758 643 774 enim
654 758 731 774 Simeonis

185 784 231 800 verba
239 784 289 804 ipsam
300 783 356 799 Christi
367 783 454 803 passionem
465 782 546 802 nequitiem
558 785 621 803 tangunt
634 787 637 799 :
649 782 730 803 sejunctim

185 810 251 828 sumpta,
264 807 302 823 illud
314 809 373 823 tantuin
386 807 469 827 important
482 806 522 827 quod
537 809 599 827 propter
611 807 668 826 lesum,
680 807 696 823 id
707 809 730 823 est

185 835 248 853 propter
255 836 310 848 sensus
317 832 408 852 quibuscum
416 832 467 847 lesum
476 831 554 852 recipient,
563 832 614 852 piures
621 832 686 848 salutern
693 836 729 848 con-

185 857 258 876 secuturi,
270 857 297 873 alii
310 856 378 873 eamdem
392 856 463 872 amissuri
474 856 513 875 sint;
525 860 563 876 quae
574 856 655 875 sententia,
668 858 730 876 propter

184 882 262 902 judaicum
276 882 413 900 determinismum,
428 881 449 897 ita
461 881 551 901 exprimitur
563 883 580 897 ut
594 881 627 901 ipse
641 881 684 897 lesus
698 884 730 897 non

185 909 244 923 tantum
252 907 268 923 in
275 906 402 923 resurrectionem
410 906 493 921 multorum
504 905 531 921 sed
542 907 557 921 et
567 905 583 921 in
594 905 654 921 ruinam
665 905 730 922 nonnul-

185 931 235 947 lorum
246 931 306 952 positus
318 931 382 947 dicatur,
396 931 438 949 Quae
450 932 501 946 autem
512 930 557 946 verba
568 930 587 946 ad
598 930 661 946 Mariam
672 930 730 946 directa

185 956 287 976 reperiuntur,
296 956 309 971 si
317 955 336 971 de
344 955 396 971 dolore
404 954 471 975 Virginis
480 954 509 970 suh
519 958 562 970 cruoe
573 954 613 970 Filio
623 954 731 975 compatientis

185 980 296 1001 intelligantur,
302 980 382 1001 passiones
390 980 450 996 Christo
458 979 531 996 reservari
540 979 620 995 manifeste
628 981 716 1000 supponunt
724 983 728 995 :

185 1009 237 1021 verum
245 1005 291 1021 relate
299 1005 319 1021 ad
326 1005 381 1021 thesim
389 1004 467 1020 Wiinsche
477 1004 524 1020 nimis
533 1004 604 1024 probant.
612 1004 649 1020 'ram
659 1006 730 1020 concreta

185 1030 226 1046 enirn
237 1030 286 1046 exitus
296 1029 358 1046 Domini
369 1029 452 1050 praedictio
463 1029 524 1045 nonnisi
532 1033 550 1044 ex
558 1029 649 1045 charismate
657 1029 672 1045 nt
680 1031 704 1045 est
711 1033 732 1047 ex

185 1054 252 1075 Spiritus
265 1054 364 1074 inspiratione
377 1054 436 1074 prolata
447 1053 512 1070 dicenda
524 1055 552 1073 est,
566 1053 634 1073 adeoque
647 1053 666 1069 ari
679 1053 730 1070 deter-
