800 1319
404 119 520 136 ...ξω-

191 165 303 181 defendendam
310 165 399 185 assumpsit.
406 169 436 185 qua
444 165 529 181 testamenti
537 165 595 181 mentio
602 169 664 185 prorsus
672 165 711 183 alio,
719 168 738 180 ac

191 189 288 206 defendimus
302 194 336 208 nos,
352 194 415 206 munere
428 189 522 210 fungeretur.
537 189 613 210 Opinatur
626 190 667 206 enim
682 189 738 205 doctus

191 217 253 235 exegeta
265 215 317 231 «lesum
331 218 393 231 coenam
408 218 451 230 suam
466 217 483 230 ut
495 216 582 235 antetypum
596 214 682 230 testamenti
695 214 738 234 quod

192 239 208 255 in
215 239 257 256 Sinai
265 241 370 255 consecratum
379 239 435 259 legitur
440 239 488 255 Exod.
494 239 550 258 Xle,
556 239 566 255 8
572 239 593 255 ita
600 239 689 259 perfecisse,
696 241 714 255 ut
722 239 738 254 in

192 264 264 280 omnibus
271 264 318 280 terme
326 264 380 280 ritihus
391 264 445 280 intima
455 264 529 280 connexio
540 266 555 280 et
565 264 659 284 adaequatus
669 264 738 284 paralle-

192 289 247 305 lismus
260 289 299 305 inter
312 291 392 309 utramque
406 289 492 309 pactionem
506 289 566 305 existat.
581 289 682 309 Quapropter,
697 288 738 304 sicut

191 314 251 334 Moyses
258 313 339 329 dimidiam
349 313 429 333 sanguinis
440 313 529 329 sacrificalis
539 315 597 333 partem
610 313 626 329 in
637 315 694 329 terram
705 313 739 329 sive

192 339 208 355 in
218 340 285 355 crateras
296 338 368 354 effudisse
379 337 448 356 traditur,
457 338 504 354 Exod.
513 338 567 357 xxw,
576 338 591 356 6.
603 338 624 354 ita
634 341 649 354 et
659 338 737 356 Christus.

192 365 230 379 teste
237 363 255 380 0.
263 363 360 382 lioltzmann,
367 363 429 379 calicem
438 363 475 381 vini,
482 363 510 379 sub
517 363 641 383 pronuntiatione
648 362 738 379 eorumdem

192 388 239 404 terme
252 388 339 406 verborum,
351 388 407 408 quibus
417 388 476 407 Moyses
489 392 526 403 usus
536 390 565 407 est,
579 388 594 403 in
608 389 663 404 terram
676 387 736 404 effudit.

192 412 270 429 lunuditae
277 413 341 432 hujusce
348 412 431 433 opinionis,
440 414 492 428 auctor
500 413 578 432 sequentia
585 412 673 433 suppeditat
681 412 737 428 tunda-

192 439 243 453 menta
253 437 318 453 critica:
328 437 344 453 1⁰
352 437 400 453 Lucas
408 437 424 452 in
434 441 459 453 ore
467 437 528 453 Domini
539 437 600 457 reponit
610 437 655 453 verba
666 437 711 455 haec,
719 436 738 452 de

192 466 257 482 quorum
268 461 341 478 litteraria
351 462 428 477 authentia
440 461 510 477 nonnulli
518 462 594 478 immerito
602 461 685 478 dubitant.
680 466 684 469 ·
693 460 739 476 τοῦτο

191 486 209 502 τὸ
219 485 292 508 ποτήριον
302 485 313 504 ὴ
324 485 368 504 καινὴ
379 484 443 504 διαθηκη
454 486 469 501 ἐν
479 486 501 507 τῷ
513 485 566 507 alp-ari
577 491 613 507 μου,
623 485 640 501 τὸ
648 485 687 508 ὑπὲρ
695 485 737 507 υμῶν

192 510 307 533 ἐκχυννόμενον.
316 511 385 527 Jamvero
393 510 409 526 in
417 510 462 526 allata
470 510 537 526 formula
546 514 574 526 vox
586 509 697 532 ἐκχυννόμενον
708 514 738 526 non

192 535 211 551 ad
219 535 273 556 αῖματ
280 535 307 551 sed
315 534 334 550 ad
344 533 417 556 πατήριον
427 535 489 551 indubie
500 534 569 553 retertur.
581 537 596 551 et
606 535 626 551 al>
637 535 684 551 altera
696 536 737 555 parte

192 564 220 576 vox
228 558 287 581 ἱκχέειν
294 559 337 575 audit
343 559 425 578 effundere,
432 559 520 575 nullatenus
526 563 560 575 vero
566 559 643 580 significat
650 559 737 577 infundere,

192 586 209 600 ut
216 584 266 604 Spitta
273 583 363 599 somniatur.
372 584 446 603 Tempore
454 583 504 603 itaque
514 583 631 604 conscriptionis
641 584 681 599 tertii
692 588 737 600 evan>

192 608 234 629 getii,
243 608 306 625 calicem
314 608 401 624 effundendi
411 608 536 624 consuetudinem
547 608 644 628 superstitem
654 608 736 624 videmus:

191 633 229 649 haec
236 637 272 654 ergo
280 633 342 653 abipso
348 632 408 648 Christo
416 632 479 648 fundata
487 632 550 649 dicenda
557 635 586 648 est.
594 633 611 648 2⁰
618 633 667 651 Quam
675 637 738 649 consuc-

192 658 261 674 tudinem
270 662 298 674 nec
305 658 376 678 ignorare
383 661 411 673 nec
419 657 480 678 penitus
487 657 556 673 omittere
563 657 613 678 potuit
620 657 678 674 Paulus
687 662 691 674 z
700 662 736 678 quo<

192 683 238 702 cirea,
246 686 293 703 quum
302 682 361 698 nullum
369 682 438 702 ejusdem
446 682 526 702 vestigium
534 682 550 698 in
558 682 564 698 l
573 682 607 698 Cor.
614 682 636 698 XI
643 682 737 702 deprehendi

192 710 243 728 queat,
251 707 320 728 legitime
327 707 392 723 infertur
401 707 446 726 hujus
457 707 544 723 documenti
555 709 612 723 textum
623 711 656 723 esse
666 709 737 723 retracta-

192 735 230 749 tum.
239 733 297 749 Revera
304 736 333 748 vox
341 730 419 750 ὡσαύτως,
429 736 459 752 qua
468 731 551 748 hodiernus
562 732 654 748 narrationis
665 732 736 752 paulinae

191 759 241 777 tenor,
251 757 302 778 logion
310 757 366 773 Christi
376 757 440 773 calicem
448 759 518 777 spectans
526 756 609 772 introducit
617 757 622 772 l
630 757 664 773 Cor.
672 757 701 776 XI,
710 756 735 775 25,

191 782 278 798 authentica
289 786 322 798 esse
329 782 395 802 nequit:
404 782 461 798 absone
471 781 512 797 enim
523 782 598 798 diceretur
609 782 692 798 Dominum
703 785 735 798 eos-

191 807 250 823 demin
258 806 327 825 calicem,
334 810 372 827 qnos
380 806 396 822 in
404 810 465 827 panem.
472 806 511 822 ritus
518 806 606 826 perfecisse,
612 806 627 822 id
635 808 658 822 est
665 806 735 822 eumdem

191 831 282 852 sumpsisse,
289 831 389 850 benedixisse.
398 831 469 851 [replum
477 831 523 851 hujus
531 831 564 848 loeo
571 835 599 848 vox
607 829 666 853 ἐξέχεεν
672 839 692 844 =
698 832 735 848 eflu-

191 856 219 873 dit.
234 856 306 876 primitus
318 856 408 872 constiterit.
421 856 441 871 At
453 855 521 871 Ecclesia
534 856 637 872 narrationem
650 856 734 876 paulinam,

191 883 301 901 consequenter
316 880 335 897 ad
350 884 393 896 suam
406 880 558 900 praeoccupationem
572 884 603 896 non
617 880 698 897 amittendi
712 880 734 896 vel

191 910 238 922 unam
245 906 326 926 sauguinis
334 905 349 921 in
357 905 404 921 calice
411 905 477 921 contenti
483 905 546 924 stillam,
553 905 667 925 interpolaverit
676 909 680 921 :
689 909 734 926 quam

191 931 343 951 praeoccupationem
353 932 417 946 testatur
424 929 527 946 Tertullianus
534 930 561 949 (De
569 934 625 946 corona
632 930 705 949 militum,
713 930 732 949 3)›

191 955 209 971 δ’)
216 955 248 971 lmo
256 955 296 975 apud
303 955 371 971 Marcum
382 957 396 970 et
407 954 498 970 Matthaeum
509 954 562 970 eadem
573 954 637 970 calicem
647 954 733 971 effundendi

191 979 285 996 consuetudo
295 979 386 999 supponitur
398 983 402 995 :
414 981 476 999 uterque
488 978 529 995 enim
542 979 656 999 hagiographus
668 979 687 995 de
699 983 733 995 sau-

191 1004 244 1025 guinis
250 1004 359 1020 testamentarii
365 1004 438 1020 effusione
445 1004 528 1024 loquuntur
534 1008 538 1020 z
545 1008 592 1024 uuum
599 1008 635 1024 ergo
641 1004 676 1020 talis
681 1004 733 1020 effusio

191 1029 226 1049 ipsa
235 1029 288 1045 calicis
297 1028 384 1049 sumptione
394 1032 424 1044 non
435 1028 527 1047 obtineatur,
537 1028 578 1045 hunc
588 1028 651 1045 modum
662 1028 733 1049 loquendi

191 1053 223 1069 vini
231 1053 248 1069 in
255 1055 310 1069 terram
318 1053 407 1069 emisionem
415 1052 492 1072 denotare,
501 1053 582 1069 dicendum
590 1055 665 1073 superest.
