800 1319
406 109 509 125 -5-3-

186 156 236 173 Patris
251 156 324 172 voluntati
339 156 432 172 conformem
450 160 483 172 esse
501 155 596 175 indigitavit,
612 155 673 172 citando
691 155 731 172 illud

186 182 230 198 Dent.
239 181 264 200 Vl,
274 181 293 197 18
302 185 305 197 2
315 186 323 195 ‹
330 181 412 197 nominum
420 181 468 196 Deum
476 182 519 196 tuum
526 180 597 196 adorabis
604 183 619 196 et
629 180 652 196 illi
660 180 690 196 soli
697 184 731 196 ser-

185 206 218 222 vies
225 212 239 222 ».
248 206 315 222 Tandcm
322 205 373 222 ideam
381 207 397 221 ut
406 211 413 220 ι
420 209 428 221 a
436 205 488 226 templi
496 205 579 225 pinnaculo
589 209 605 221 se
612 205 684 221 deorsum
694 205 730 221 mit-

185 233 223 247 teret
230 236 237 245 =
253 235 262 247 a
276 230 331 251 spiritu
345 234 411 251 nequam
426 232 513 250 suggestam
528 232 542 246 et
557 230 603 246 textui
619 230 731 250 scripturistico

186 256 260 274 innixam,
274 257 291 271 ut
303 255 402 271 tentationem
418 254 444 271 Dei
458 255 473 270 in
486 258 503 271 se
515 255 596 271 habentem
609 255 668 275 respuit
679 255 730 273 lesus,

186 280 267 300 Patrisque
274 280 337 296 arbitrio
346 280 410 295 Messiae
419 279 545 299 glorificationem
555 279 663 295 reservandam
671 279 730 295 statuit.

207 306 220 321 Α
230 309 260 325 quo
270 306 327 322 autent.
335 304 394 320 devicta
405 304 493 323 tentatione,
505 304 563 320 humile
574 304 601 320 noi
611 304 690 320 servitium
700 304 731 320 sibi

185 330 245 350 selegit,
254 329 292 345 illud
300 329 342 345 obire
350 333 380 345 non
391 329 461 347 cessarit.
470 331 484 345 et
496 331 513 345 ut
523 333 569 349 supra
579 329 610 349 jam
621 329 730 347 stabilivimus.

185 355 225 370 sicut
232 356 267 374 post
273 353 386 370 consessionem
394 354 434 370 Petri
443 354 463 369 ita
469 355 484 369 et
490 355 525 369 ante
531 353 600 369 eamdem
606 355 622 369 ut
628 353 731 370 ebed-Jahveh

186 383 202 395 se
209 379 262 399 gessit.

207 404 226 419 11.
239 404 271 422 Qua
279 407 314 419 vero
321 403 386 422 ratione,
395 403 443 419 oratio
450 407 480 423 qun
488 403 558 419 Christus
565 403 626 419 israelis
635 403 731 423 evangeliza-

186 429 243 445 tionem
251 427 324 448 apostolis
332 427 409 444 commisit
415 429 430 443 et
437 427 453 443 in
461 427 514 443 eadem
524 431 606 443 occurrens
616 427 667 448 logion
677 428 731 444 escha-

186 453 269 473 tologicum
282 453 340 472 (Matth.
352 452 371 471 x,
383 452 408 472 23)
421 456 456 468 curn
469 452 543 472 expositis
555 453 656 472 consentiant,
668 452 732 469 investi-

185 477 254 498 gandum
268 478 343 497 superest.
359 477 413 493 Plures
428 478 504 497 exegetae,
519 477 544 497 qui
559 477 594 493 Jesu
609 481 672 493 erronea
685 477 732 493 verba

186 502 273 518 adscribere
282 501 365 517 horrebant
375 505 444 521 quosque
454 501 519 517 adducta
529 501 562 517 loca
573 502 669 521 torquebant,
677 501 732 518 eadem

186 530 213 542 sua
221 526 252 542 vice
260 526 319 542 varium
331 526 346 541 in
357 530 419 541 sensum
430 526 537 542 detorserunt:
546 530 555 541 a
565 530 630 546 quorum
641 526 731 546 interpreta-

186 550 254 567 tionibus
261 550 361 570 aprioristicis
369 559 387 562 —
396 554 434 570 quas
441 550 466 566 hic
473 554 548 570 exponere
559 554 587 566 nec
596 553 640 567 vacat
650 554 678 567 nec
689 550 733 566 lubet

185 584 206 587 —
213 575 325 594 dissentientes,
334 577 349 591 et
356 579 374 591 ea
381 579 411 594 qua
420 579 447 595 par
457 576 480 590 est
490 575 561 591 methodo
572 575 628 591 Christi
639 575 731 591 sententiam

185 600 301 621 investigantes,
310 601 389 620 sequentes
397 599 510 616 ohservationes
519 600 605 616 statuimus.

206 625 284 645 Evangelii
290 624 374 641 secuudum
380 625 471 640 matthaeum
477 624 552 643 redactor,
558 624 597 640 sicut
603 624 619 640 in
624 626 689 644 quatuor
694 624 733 640 aliis

185 650 280 666 orationihus
291 653 329 669 quas
340 649 356 665 in
367 653 392 665 ore
404 649 459 665 Christi
470 649 538 669 reposuit
549 649 569 665 ita
580 651 595 665 et
606 649 631 665 hic
641 649 666 668 (X,
678 649 686 665 1
698 650 731 669 sq.)

185 675 237 695 plures
247 678 325 690 sermones
336 674 352 689 in
363 674 429 690 dirersis
439 674 515 694 adjunctis
525 674 593 694 prolatos
604 674 621 689 in
633 678 681 690 unum
694 678 731 690 con-

185 700 238 720 gessit.
247 699 321 718 Quocirca
329 699 412 719 genuinum
423 698 491 718 eiusdem
502 698 575 714 orationis
586 702 648 715 sensum
658 699 731 715 determi-

185 724 242 743 naturi,
251 724 270 740 ad
279 723 367 744 parallelam
376 723 422 739 Marci
430 723 455 742 Vl,
464 723 473 738 7
481 727 504 743 sq.
513 725 528 738 et
536 723 584 739 Lucae
592 723 618 742 lx,
628 724 634 739 l
644 727 668 743 sq.
677 728 732 739 narra-

185 749 242 765 tionem
261 750 366 764 convertamur
383 749 447 768 oportet.
463 748 510 763 Porro
525 747 599 764 examinis
614 748 642 764 hac
658 748 732 764 methodo

185 773 250 789 instituti
260 772 323 788 indubia
331 772 409 788 conclusio
417 772 453 788 haec
461 774 489 791 est,
498 772 592 792 primitivum
600 772 649 788 dictae
656 772 732 788 orationis

185 799 253 813 tenorem
261 801 270 812 a
277 801 292 812 ν,
301 797 309 812 1
318 796 337 812 ad
344 796 363 812 14
369 797 388 815 (c.
395 797 414 816 Χ)
421 800 437 812 se
445 796 536 813 extendisse.
545 796 588 815 Quod
596 797 658 817 quidem
665 797 731 813 ulterius

185 822 284 838 confirmatur
292 825 310 837 ex
321 825 339 837 eo
350 821 391 841 quod
402 821 511 841 subsequentes
521 825 573 837 versus
584 822 604 838 15
614 826 638 842 sq.
650 826 659 837 a
669 821 731 838 duobus

184 846 295 867 posterioribus
308 845 391 866 synopticis
404 848 481 866 tamquam
494 845 525 862 alia
535 846 614 862 occasione
624 846 678 866 prolati
690 846 730 862 reie-

185 873 238 887 rantur
245 875 248 887 :
255 875 270 887 v.
278 871 303 890 15,
310 873 327 887 ut
332 871 390 887 eruitur
395 875 412 887 ex
419 871 459 887 Luca
465 871 484 890 X,
492 871 517 890 ¹2,
524 871 596 887 historice
603 871 692 887 missionem
698 875 731 887 non

185 896 289 916 apostolorum
302 895 328 912 sed
341 895 438 916 septuaginta
448 896 514 911 duorum
525 895 636 916 discipulorum
647 895 730 916 spectuvit;

184 924 238 936 versus
245 920 293 936 ¹7-22
300 920 320 936 ad
327 924 399 940 magnam
410 920 493 936 orationem
504 920 631 940 eschatologicam
641 924 687 940 quam
698 920 732 936 Do-

184 944 237 961 minus
244 944 297 964 paucis
304 946 339 960 ante
346 946 411 960 morlern
417 948 461 960 suam
466 944 521 960 diehus
526 944 595 964 protulit,
603 944 674 965 primitus
681 945 732 965 perti-

185 969 237 985 nuisse
245 969 326 985 dicendum
335 971 358 985 est
367 973 370 985 :
379 969 435 985 etenim
445 969 464 985 ad
476 969 542 985 litteram
552 969 600 985 ferme
610 969 731 990 correspondent

184 994 231 1010 Marc.
243 994 284 1013 xm,
296 994 339 1010 9-18.
351 994 394 1013 Quod
406 994 468 1014 quidem
478 998 496 1010 eo
507 994 576 1010 sedulius
585 993 696 1010 observandum
706 996 732 1010 est

185 1019 226 1039 quod
237 1019 274 1035 haec
284 1019 332 1035 altera
342 1019 416 1035 orationis
427 1019 532 1035 Matthaeanae
543 1023 579 1039 pars
591 1023 627 1035 curn
639 1019 686 1039 priori
697 1023 731 1035 non

185 1043 275 1060 cohaereat:
282 1047 329 1064 quum
336 1044 378 1060 enim
385 1048 430 1060 versu
437 1044 447 1060 ὅ
453 1048 476 1064 sq.
483 1044 553 1064 legamus
560 1048 563 1060 :
573 1049 580 1058 ι
587 1044 605 1060 in
611 1044 653 1059 uiam
659 1043 731 1064 yentium
