<?xml version="1.0" encoding="UTF-8"?>
<!DOCTYPE html PUBLIC "-//W3C//DTD XHTML 1.0 Transitional//EN"
    "http://www.w3.org/TR/xhtml1/DTD/xhtml1-transitional.dtd">
<html xmlns="http://www.w3.org/1999/xhtml" xml:lang="en" lang="en">
 <head>
  <title>
</title>
<meta http-equiv="Content-Type" content="text/html;charset=utf-8" />
  <meta name='ocr-system' content='tesseract 3.04.00' />
  <meta name='ocr-capabilities' content='ocr_page ocr_carea ocr_par ocr_line ocrx_word'/>
</head>
<body>
  <div class='ocr_page' id='page_1' title='image "./desoteriologiae00cromgoog_0083.png"; bbox 0 0 800 1319; ppageno 0'>
   <div class='ocr_carea' id='block_1_1' title="bbox 423 110 526 127">
    <p class='ocr_par' dir='ltr' id='par_1_1' title="bbox 423 110 526 127">
     <span class='ocr_line' id='line_1_1' title="bbox 423 110 526 127; baseline -0.01 -4"><span class='ocrx_word' id='word_1_1' title='bbox 423 110 526 127; x_wconf 65' lang='lat'><strong>—61—</strong></span> 
     </span>
    </p>
   </div>
   <div class='ocr_carea' id='block_1_2' title="bbox 202 150 761 1066">
    <p class='ocr_par' dir='ltr' id='par_1_2' title="bbox 202 150 749 814">
     <span class='ocr_line' id='line_1_2' title="bbox 224 150 749 178; baseline -0.002 -5"><span class='ocrx_word' id='word_1_2' title='bbox 224 157 258 178; x_wconf 82' lang='lat' dir='ltr'><strong>ipsa</strong></span> <span class='ocrx_word' id='word_1_3' title='bbox 266 157 311 173; x_wconf 84' lang='lat' dir='ltr'><strong>verba</strong></span> <span class='ocrx_word' id='word_1_4' title='bbox 318 157 358 173; x_wconf 79' lang='lat' dir='ltr'><strong>docti</strong></span> <span class='ocrx_word' id='word_1_5' title='bbox 365 158 435 177; x_wconf 73' lang='lat' dir='ltr'><strong>exegetae</strong></span> <span class='ocrx_word' id='word_1_6' title='bbox 441 156 470 172; x_wconf 86' lang='lat' dir='ltr'><strong>sub</strong></span> <span class='ocrx_word' id='word_1_7' title='bbox 475 156 525 172; x_wconf 79' lang='lat' dir='ltr'><strong>oeulis</strong></span> <span class='ocrx_word' id='word_1_8' title='bbox 531 156 592 172; x_wconf 78' lang='lat' dir='ltr'><strong>lectoris</strong></span> <span class='ocrx_word' id='word_1_9' title='bbox 598 156 664 176; x_wconf 81' lang='lat' dir='ltr'><strong>reposita</strong></span> <span class='ocrx_word' id='word_1_10' title='bbox 670 150 749 172; x_wconf 75' lang='lat' dir='ltr'><strong>voluimus</strong></span> 
     </span>
     <span class='ocr_line' id='line_1_3' title="bbox 202 181 748 202; baseline -0.002 -4"><span class='ocrx_word' id='word_1_11' title='bbox 202 186 233 202; x_wconf 79' lang='lat' dir='ltr'><strong>quo</strong></span> <span class='ocrx_word' id='word_1_12' title='bbox 246 181 302 198; x_wconf 76' lang='lat' dir='ltr'><strong>melius</strong></span> <span class='ocrx_word' id='word_1_13' title='bbox 315 181 365 198; x_wconf 69' lang='lat' dir='ltr'><strong>videat</strong></span> <span class='ocrx_word' id='word_1_14' title='bbox 377 181 444 197; x_wconf 76' lang='lat' dir='ltr'><strong>utrilibet</strong></span> <span class='ocrx_word' id='word_1_15' title='bbox 458 181 578 201; x_wconf 73' lang='lat' dir='ltr'><strong>interpretationi</strong></span> <span class='ocrx_word' id='word_1_16' title='bbox 591 181 612 197; x_wconf 83' lang='lat' dir='ltr'><strong>sit</strong></span> <span class='ocrx_word' id='word_1_17' title='bbox 626 181 748 197; x_wconf 62' lang='lat' dir='ltr'><strong>assentiendum,</strong></span> 
     </span>
     <span class='ocr_line' id='line_1_4' title="bbox 204 205 749 226; baseline -0.004 -3"><span class='ocrx_word' id='word_1_18' title='bbox 204 207 287 223; x_wconf 73' lang='lat' dir='ltr'><strong>Commune</strong></span> <span class='ocrx_word' id='word_1_19' title='bbox 298 206 349 226; x_wconf 77' lang='lat' dir='ltr'><strong>itaque</strong></span> <span class='ocrx_word' id='word_1_20' title='bbox 360 206 469 226; x_wconf 70' lang='lat' dir='ltr'><strong>disputationis</strong></span> <span class='ocrx_word' id='word_1_21' title='bbox 479 205 595 222; x_wconf 78' lang='lat' dir='ltr'><strong>tundamentum</strong></span> <span class='ocrx_word' id='word_1_22' title='bbox 607 206 624 221; x_wconf 82' lang='grc' dir='ltr'><strong>Ρ.</strong></span> <span class='ocrx_word' id='word_1_23' title='bbox 637 206 749 222; x_wconf 77' lang='lat' dir='ltr'><strong>Knabenbauer</strong></span> 
     </span>
     <span class='ocr_line' id='line_1_5' title="bbox 203 230 749 250; baseline -0.002 -3"><span class='ocrx_word' id='word_1_24' title='bbox 203 233 218 248; x_wconf 89' lang='lat' dir='ltr'><strong>et</strong></span> <span class='ocrx_word' id='word_1_25' title='bbox 225 231 270 247; x_wconf 86' lang='lat' dir='ltr'><strong>nobis</strong></span> <span class='ocrx_word' id='word_1_26' title='bbox 277 231 294 247; x_wconf 93' lang='lat' dir='ltr'><strong>in</strong></span> <span class='ocrx_word' id='word_1_27' title='bbox 301 235 319 247; x_wconf 87' lang='lat' dir='ltr'><strong>eo</strong></span> <span class='ocrx_word' id='word_1_28' title='bbox 327 232 357 247; x_wconf 80' lang='lat' dir='ltr'><strong>sut</strong></span> <span class='ocrx_word' id='word_1_29' title='bbox 364 231 467 246; x_wconf 85' lang='lat' dir='ltr'><strong>narrationem</strong></span> <span class='ocrx_word' id='word_1_30' title='bbox 474 230 546 246; x_wconf 74' lang='lat' dir='ltr'><strong>Matthaei</strong></span> <span class='ocrx_word' id='word_1_31' title='bbox 554 232 569 246; x_wconf 86' lang='lat' dir='ltr'><strong>et</strong></span> <span class='ocrx_word' id='word_1_32' title='bbox 574 230 624 246; x_wconf 81' lang='lat' dir='ltr'><strong>Lucae</strong></span> <span class='ocrx_word' id='word_1_33' title='bbox 631 230 672 246; x_wconf 88' lang='lat' dir='ltr'><strong>idem</strong></span> <span class='ocrx_word' id='word_1_34' title='bbox 680 232 749 250; x_wconf 79' lang='lat' dir='ltr'><strong>spectare</strong></span> 
     </span>
     <span class='ocr_line' id='line_1_6' title="bbox 203 255 747 275; baseline -0.002 -3"><span class='ocrx_word' id='word_1_35' title='bbox 203 256 260 272; x_wconf 80' lang='lat' dir='ltr'><strong>iactum</strong></span> <span class='ocrx_word' id='word_1_36' title='bbox 267 255 335 275; x_wconf 76' lang='lat' dir='ltr'><strong>adeoque</strong></span> <span class='ocrx_word' id='word_1_37' title='bbox 342 255 403 275; x_wconf 80' lang='lat' dir='ltr'><strong>utrique</strong></span> <span class='ocrx_word' id='word_1_38' title='bbox 411 255 481 271; x_wconf 88' lang='lat' dir='ltr'><strong>eamdem</strong></span> <span class='ocrx_word' id='word_1_39' title='bbox 491 255 630 275; x_wconf 71' lang='lat' dir='ltr'><strong>interpretationem</strong></span> <span class='ocrx_word' id='word_1_40' title='bbox 641 259 675 271; x_wconf 83' lang='lat' dir='ltr'><strong>esse</strong></span> <span class='ocrx_word' id='word_1_41' title='bbox 686 255 747 271; x_wconf 86' lang='lat' dir='ltr'><strong>adinve-</strong></span> 
     </span>
     <span class='ocr_line' id='line_1_7' title="bbox 203 279 749 300; baseline 0 -4"><span class='ocrx_word' id='word_1_42' title='bbox 203 280 281 297; x_wconf 65' lang='lat' dir='ltr'><strong>niendum.</strong></span> <span class='ocrx_word' id='word_1_43' title='bbox 294 280 327 299; x_wconf 86' lang='lat' dir='ltr'><strong>Quo</strong></span> <span class='ocrx_word' id='word_1_44' title='bbox 340 280 395 300; x_wconf 82' lang='lat' dir='ltr'><strong>posito,</strong></span> <span class='ocrx_word' id='word_1_45' title='bbox 407 280 461 296; x_wconf 83' lang='lat' dir='ltr'><strong>sedulo</strong></span> <span class='ocrx_word' id='word_1_46' title='bbox 474 279 557 296; x_wconf 84' lang='lat' dir='ltr'><strong>notandum</strong></span> <span class='ocrx_word' id='word_1_47' title='bbox 569 280 615 296; x_wconf 83' lang='lat' dir='ltr'><strong>velim</strong></span> <span class='ocrx_word' id='word_1_48' title='bbox 627 280 690 299; x_wconf 70' lang='lat' dir='ltr'><strong>signum</strong></span> <span class='ocrx_word' id='word_1_49' title='bbox 703 280 749 296; x_wconf 71' lang='lat' dir='ltr'><strong>lonae</strong></span> 
     </span>
     <span class='ocr_line' id='line_1_8' title="bbox 204 304 747 324; baseline -0.002 -3"><span class='ocrx_word' id='word_1_50' title='bbox 204 305 276 321; x_wconf 78' lang='lat' dir='ltr'><strong>Ninivitis</strong></span> <span class='ocrx_word' id='word_1_51' title='bbox 281 309 333 321; x_wconf 74' lang='lat' dir='ltr'><strong>revera</strong></span> <span class='ocrx_word' id='word_1_52' title='bbox 338 304 390 321; x_wconf 88' lang='lat' dir='ltr'><strong>datum</strong></span> <span class='ocrx_word' id='word_1_53' title='bbox 396 308 430 320; x_wconf 82' lang='lat' dir='ltr'><strong>esse</strong></span> <span class='ocrx_word' id='word_1_54' title='bbox 437 308 440 320; x_wconf 95' lang='lat'>:</span> <span class='ocrx_word' id='word_1_55' title='bbox 447 304 523 324; x_wconf 84' lang='lat' dir='ltr'><strong>explicitis</strong></span> <span class='ocrx_word' id='word_1_56' title='bbox 529 304 579 320; x_wconf 75' lang='lat' dir='ltr'><strong>verbis</strong></span> <span class='ocrx_word' id='word_1_57' title='bbox 585 304 600 320; x_wconf 90' lang='lat' dir='ltr'><strong>id</strong></span> <span class='ocrx_word' id='word_1_58' title='bbox 607 306 670 320; x_wconf 85' lang='lat' dir='ltr'><strong>testatur</strong></span> <span class='ocrx_word' id='word_1_59' title='bbox 676 305 714 320; x_wconf 63' lang='lat' dir='ltr'><strong>Lut:⁴</strong></span> <span class='ocrx_word' id='word_1_60' title='bbox 722 304 747 323; x_wconf 69' lang='lat' dir='ltr'><strong>itt,</strong></span> 
     </span>
     <span class='ocr_line' id='line_1_9' title="bbox 204 329 748 350; baseline -0.002 -4"><span class='ocrx_word' id='word_1_61' title='bbox 204 330 224 346; x_wconf 82' lang='lat'><strong>30</strong></span> <span class='ocrx_word' id='word_1_62' title='bbox 233 334 237 346; x_wconf 89' lang='lat'>:</span> <span class='ocrx_word' id='word_1_63' title='bbox 247 336 254 344; x_wconf 71' lang='grc' dir='ltr'>ι</span> <span class='ocrx_word' id='word_1_64' title='bbox 261 330 301 346; x_wconf 87' lang='lat' dir='ltr'><strong>sicut</strong></span> <span class='ocrx_word' id='word_1_65' title='bbox 308 330 348 346; x_wconf 91' lang='lat' dir='ltr'><strong>enim</strong></span> <span class='ocrx_word' id='word_1_66' title='bbox 356 330 402 346; x_wconf 73' lang='lat' dir='ltr'><strong>lanas</strong></span> <span class='ocrx_word' id='word_1_67' title='bbox 411 330 442 349; x_wconf 77' lang='lat' dir='ltr'><strong>ltn&#39;t</strong></span> <span class='ocrx_word' id='word_1_68' title='bbox 453 330 514 350; x_wconf 74' lang='lat' dir='ltr'><strong>signum</strong></span> <span class='ocrx_word' id='word_1_69' title='bbox 525 329 603 348; x_wconf 80' lang='lat' dir='ltr'><strong>Ninivitis,</strong></span> <span class='ocrx_word' id='word_1_70' title='bbox 612 329 632 345; x_wconf 88' lang='lat' dir='ltr'><strong>ita</strong></span> <span class='ocrx_word' id='word_1_71' title='bbox 643 329 672 345; x_wconf 88' lang='lat' dir='ltr'><strong>erit</strong></span> <span class='ocrx_word' id='word_1_72' title='bbox 682 331 697 345; x_wconf 85' lang='lat' dir='ltr'><strong>et</strong></span> <span class='ocrx_word' id='word_1_73' title='bbox 709 329 748 345; x_wconf 85' lang='lat' dir='ltr'><strong>filius</strong></span> 
     </span>
     <span class='ocr_line' id='line_1_10' title="bbox 204 354 748 375; baseline -0.002 -5"><span class='ocrx_word' id='word_1_74' title='bbox 204 355 272 371; x_wconf 81' lang='lat' dir='ltr'><strong>hominis</strong></span> <span class='ocrx_word' id='word_1_75' title='bbox 279 354 373 375; x_wconf 71' lang='lat' dir='ltr'><strong>generationi</strong></span> <span class='ocrx_word' id='word_1_76' title='bbox 381 354 428 370; x_wconf 79' lang='lat' dir='ltr'><strong>isti».</strong></span> <span class='ocrx_word' id='word_1_77' title='bbox 439 355 483 370; x_wconf 87' lang='lat' dir='ltr'><strong>Nunc</strong></span> <span class='ocrx_word' id='word_1_78' title='bbox 492 356 542 370; x_wconf 88' lang='lat' dir='ltr'><strong>autem</strong></span> <span class='ocrx_word' id='word_1_79' title='bbox 554 358 620 374; x_wconf 70' lang='lat' dir='ltr'><strong>quanam</strong></span> <span class='ocrx_word' id='word_1_80' title='bbox 631 354 690 370; x_wconf 82' lang='lat' dir='ltr'><strong>ratione</strong></span> <span class='ocrx_word' id='word_1_81' title='bbox 700 354 748 370; x_wconf 75' lang='lat' dir='ltr'><strong>fuitne</strong></span> 
     </span>
     <span class='ocr_line' id='line_1_11' title="bbox 203 378 747 399; baseline -0.002 -4"><span class='ocrx_word' id='word_1_82' title='bbox 203 380 251 395; x_wconf 77' lang='lat' dir='ltr'><strong>lonas</strong></span> <span class='ocrx_word' id='word_1_83' title='bbox 263 379 325 399; x_wconf 78' lang='lat' dir='ltr'><strong>signum</strong></span> <span class='ocrx_word' id='word_1_84' title='bbox 338 379 420 395; x_wconf 73' lang='lat' dir='ltr'><strong>Ninivitis!</strong></span> <span class='ocrx_word' id='word_1_85' title='bbox 432 379 456 395; x_wconf 78' lang='lat' dir='ltr'><strong>Au</strong></span> <span class='ocrx_word' id='word_1_86' title='bbox 467 383 494 399; x_wconf 86' lang='lat' dir='ltr'><strong>per</strong></span> <span class='ocrx_word' id='word_1_87' title='bbox 506 379 641 395; x_wconf 73' lang='lat' dir='ltr'><strong>commorationem</strong></span> <span class='ocrx_word' id='word_1_88' title='bbox 654 378 670 394; x_wconf 92' lang='lat' dir='ltr'><strong>in</strong></span> <span class='ocrx_word' id='word_1_89' title='bbox 683 379 722 395; x_wconf 80' lang='lat' dir='ltr'><strong>mari</strong></span> <span class='ocrx_word' id='word_1_90' title='bbox 735 381 747 394; x_wconf 80' lang='lat' dir='ltr'><strong>et</strong></span> 
     </span>
     <span class='ocr_line' id='line_1_12' title="bbox 204 403 748 424; baseline 0 -5"><span class='ocrx_word' id='word_1_91' title='bbox 204 404 259 420; x_wconf 77' lang='lat' dir='ltr'><strong>mirum</strong></span> <span class='ocrx_word' id='word_1_92' title='bbox 267 403 287 420; x_wconf 87' lang='lat' dir='ltr'><strong>ab</strong></span> <span class='ocrx_word' id='word_1_93' title='bbox 294 407 312 419; x_wconf 81' lang='lat' dir='ltr'><strong>eo</strong></span> <span class='ocrx_word' id='word_1_94' title='bbox 320 403 435 420; x_wconf 71' lang='lat' dir='ltr'><strong>liberationem?</strong></span> <span class='ocrx_word' id='word_1_95' title='bbox 442 403 478 419; x_wconf 90' lang='lat' dir='ltr'><strong>Tale</strong></span> <span class='ocrx_word' id='word_1_96' title='bbox 485 403 523 424; x_wconf 79' lang='lat' dir='ltr'><strong>quid</strong></span> <span class='ocrx_word' id='word_1_97' title='bbox 531 403 586 419; x_wconf 81' lang='lat' dir='ltr'><strong>nullibi</strong></span> <span class='ocrx_word' id='word_1_98' title='bbox 595 403 650 423; x_wconf 75' lang='lat' dir='ltr'><strong>legitur</strong></span> <span class='ocrx_word' id='word_1_99' title='bbox 659 406 674 419; x_wconf 87' lang='lat' dir='ltr'><strong>et</strong></span> <span class='ocrx_word' id='word_1_100' title='bbox 684 407 716 419; x_wconf 87' lang='lat' dir='ltr'><strong>rem</strong></span> <span class='ocrx_word' id='word_1_101' title='bbox 727 403 748 419; x_wconf 69' lang='lat' dir='ltr'><strong>sit:</strong></span> 
     </span>
     <span class='ocr_line' id='line_1_13' title="bbox 204 428 746 449; baseline -0.002 -4"><span class='ocrx_word' id='word_1_102' title='bbox 204 433 220 445; x_wconf 83' lang='lat' dir='ltr'><strong>se</strong></span> <span class='ocrx_word' id='word_1_103' title='bbox 228 428 300 445; x_wconf 80' lang='lat' dir='ltr'><strong>habuisse</strong></span> <span class='ocrx_word' id='word_1_104' title='bbox 311 432 346 444; x_wconf 82' lang='lat' dir='ltr'><strong>cum</strong></span> <span class='ocrx_word' id='word_1_105' title='bbox 357 428 465 449; x_wconf 72' lang='lat' dir='ltr'><strong>probabilitate</strong></span> <span class='ocrx_word' id='word_1_106' title='bbox 476 428 551 448; x_wconf 82' lang='lat' dir='ltr'><strong>suspicari</strong></span> <span class='ocrx_word' id='word_1_107' title='bbox 562 428 621 448; x_wconf 79' lang='lat' dir='ltr'><strong>nequit.</strong></span> <span class='ocrx_word' id='word_1_108' title='bbox 633 428 704 448; x_wconf 77' lang='lat' dir='ltr'><strong>Repones</strong></span> <span class='ocrx_word' id='word_1_109' title='bbox 714 428 746 448; x_wconf 74' lang='lat' dir='ltr'><strong>oui·</strong></span> 
     </span>
     <span class='ocr_line' id='line_1_14' title="bbox 204 452 747 473; baseline -0.002 -4"><span class='ocrx_word' id='word_1_110' title='bbox 204 453 238 469; x_wconf 73' lang='lat' dir='ltr'><strong>dem</strong></span> <span class='ocrx_word' id='word_1_111' title='bbox 250 457 254 469; x_wconf 76' lang='lat' dir='ltr'>z</span> <span class='ocrx_word' id='word_1_112' title='bbox 266 453 292 469; x_wconf 87' lang='lat' dir='ltr'><strong>sed</strong></span> <span class='ocrx_word' id='word_1_113' title='bbox 306 457 355 473; x_wconf 82' lang='lat' dir='ltr'><strong>neque</strong></span> <span class='ocrx_word' id='word_1_114' title='bbox 367 457 395 473; x_wconf 82' lang='lat' dir='ltr'><strong>per</strong></span> <span class='ocrx_word' id='word_1_115' title='bbox 407 452 535 473; x_wconf 76' lang='lat' dir='ltr'><strong>praedicationem</strong></span> <span class='ocrx_word' id='word_1_116' title='bbox 548 452 578 468; x_wconf 85' lang='lat' dir='ltr'><strong>iuit</strong></span> <span class='ocrx_word' id='word_1_117' title='bbox 590 453 664 473; x_wconf 74' lang='lat' dir='ltr'><strong>propheta</strong></span> <span class='ocrx_word' id='word_1_118' title='bbox 676 452 747 469; x_wconf 83' lang='lat' dir='ltr'><strong>Ninivitis</strong></span> 
     </span>
     <span class='ocr_line' id='line_1_15' title="bbox 203 477 746 498; baseline 0 -5"><span class='ocrx_word' id='word_1_119' title='bbox 203 477 273 498; x_wconf 69' lang='grc' dir='ltr'><strong>σημιῐυν.</strong></span> <span class='ocrx_word' id='word_1_120' title='bbox 282 477 324 495; x_wconf 81' lang='lat' dir='ltr'><strong>Esto.</strong></span> <span class='ocrx_word' id='word_1_121' title='bbox 333 477 360 493; x_wconf 84' lang='lat' dir='ltr'><strong>sed</strong></span> <span class='ocrx_word' id='word_1_122' title='bbox 368 477 404 493; x_wconf 81' lang='lat' dir='ltr'><strong>inde</strong></span> <span class='ocrx_word' id='word_1_123' title='bbox 411 477 532 493; x_wconf 82' lang='lat' dir='ltr'><strong>concludendum</strong></span> <span class='ocrx_word' id='word_1_124' title='bbox 541 477 559 493; x_wconf 91' lang='lat' dir='ltr'><strong>de</strong></span> <span class='ocrx_word' id='word_1_125' title='bbox 567 477 617 497; x_wconf 75' lang='lat' dir='ltr'><strong>signo,</strong></span> <span class='ocrx_word' id='word_1_126' title='bbox 624 481 670 493; x_wconf 74' lang='lat' dir='ltr'><strong>sensu</strong></span> <span class='ocrx_word' id='word_1_127' title='bbox 679 477 746 493; x_wconf 81' lang='lat' dir='ltr'><strong>miraculi</strong></span> 
     </span>
     <span class='ocr_line' id='line_1_16' title="bbox 205 502 747 523; baseline 0 -5"><span class='ocrx_word' id='word_1_128' title='bbox 205 502 287 521; x_wconf 80' lang='lat' dir='ltr'><strong>intellecto,</strong></span> <span class='ocrx_word' id='word_1_129' title='bbox 295 506 381 518; x_wconf 81' lang='lat' dir='ltr'><strong>sermonem</strong></span> <span class='ocrx_word' id='word_1_130' title='bbox 389 502 414 518; x_wconf 78' lang='lat' dir='ltr'><strong>hie</strong></span> <span class='ocrx_word' id='word_1_131' title='bbox 422 506 452 518; x_wconf 89' lang='lat' dir='ltr'><strong>non</strong></span> <span class='ocrx_word' id='word_1_132' title='bbox 460 502 517 518; x_wconf 83' lang='lat' dir='ltr'><strong>moveri</strong></span> <span class='ocrx_word' id='word_1_133' title='bbox 525 503 540 518; x_wconf 85' lang='lat' dir='ltr'><strong>et</strong></span> <span class='ocrx_word' id='word_1_134' title='bbox 548 506 577 518; x_wconf 84' lang='lat' dir='ltr'><strong>nort</strong></span> <span class='ocrx_word' id='word_1_135' title='bbox 585 502 616 518; x_wconf 85' lang='lat' dir='ltr'><strong>alia</strong></span> <span class='ocrx_word' id='word_1_136' title='bbox 624 502 682 518; x_wconf 86' lang='lat' dir='ltr'><strong>ratione</strong></span> <span class='ocrx_word' id='word_1_137' title='bbox 689 502 747 523; x_wconf 84' lang='lat' dir='ltr'><strong>praedi-</strong></span> 
     </span>
     <span class='ocr_line' id='line_1_17' title="bbox 204 526 747 547; baseline 0.002 -5"><span class='ocrx_word' id='word_1_138' title='bbox 204 526 279 542; x_wconf 77' lang='lat' dir='ltr'><strong>cationem</strong></span> <span class='ocrx_word' id='word_1_139' title='bbox 286 526 322 542; x_wconf 74' lang='lat' dir='ltr'><strong>lesu</strong></span> <span class='ocrx_word' id='word_1_140' title='bbox 330 526 360 542; x_wconf 80' lang='lat' dir='ltr'><strong>diei</strong></span> <span class='ocrx_word' id='word_1_141' title='bbox 368 526 429 547; x_wconf 77' lang='lat' dir='ltr'><strong>signum</strong></span> <span class='ocrx_word' id='word_1_142' title='bbox 440 526 470 542; x_wconf 83' lang='lat' dir='ltr'><strong>nisi</strong></span> <span class='ocrx_word' id='word_1_143' title='bbox 481 526 500 543; x_wconf 84' lang='lat' dir='ltr'><strong>ob</strong></span> <span class='ocrx_word' id='word_1_144' title='bbox 512 529 581 546; x_wconf 75' lang='lat' dir='ltr'><strong>rogatum</strong></span> <span class='ocrx_word' id='word_1_145' title='bbox 592 527 654 547; x_wconf 71' lang='lat' dir='ltr'><strong>signum</strong></span> <span class='ocrx_word' id='word_1_146' title='bbox 665 527 685 543; x_wconf 81' lang='lat' dir='ltr'><strong>ab</strong></span> <span class='ocrx_word' id='word_1_147' title='bbox 695 527 747 543; x_wconf 83' lang='lat' dir='ltr'><strong>adver-</strong></span> 
     </span>
     <span class='ocr_line' id='line_1_18' title="bbox 204 551 747 571; baseline 0 -4"><span class='ocrx_word' id='word_1_148' title='bbox 204 551 254 567; x_wconf 78' lang='lat' dir='ltr'><strong>sariis.</strong></span> <span class='ocrx_word' id='word_1_149' title='bbox 269 551 313 567; x_wconf 87' lang='lat' dir='ltr'><strong>Unde</strong></span> <span class='ocrx_word' id='word_1_150' title='bbox 326 551 398 571; x_wconf 89' lang='lat' dir='ltr'><strong>primam,</strong></span> <span class='ocrx_word' id='word_1_151' title='bbox 412 555 458 571; x_wconf 80' lang='lat' dir='ltr'><strong>quant</strong></span> <span class='ocrx_word' id='word_1_152' title='bbox 472 551 582 568; x_wconf 85' lang='lat' dir='ltr'><strong>Knabenbauer</strong></span> <span class='ocrx_word' id='word_1_153' title='bbox 595 552 660 571; x_wconf 76' lang='lat' dir='ltr'><strong>invocat,</strong></span> <span class='ocrx_word' id='word_1_154' title='bbox 674 552 747 568; x_wconf 85' lang='lat' dir='ltr'><strong>rationem</strong></span> 
     </span>
     <span class='ocr_line' id='line_1_19' title="bbox 204 576 746 597; baseline 0 -5"><span class='ocrx_word' id='word_1_155' title='bbox 204 576 295 596; x_wconf 77' lang='lat' dir='ltr'><strong>simpliciter</strong></span> <span class='ocrx_word' id='word_1_156' title='bbox 302 580 381 596; x_wconf 74' lang='lat' dir='ltr'><strong>negamus,</strong></span> <span class='ocrx_word' id='word_1_157' title='bbox 390 578 423 592; x_wconf 89' lang='lat' dir='ltr'><strong>tum</strong></span> <span class='ocrx_word' id='word_1_158' title='bbox 433 576 468 596; x_wconf 79' lang='lat' dir='ltr'><strong>quia</strong></span> <span class='ocrx_word' id='word_1_159' title='bbox 479 580 509 592; x_wconf 90' lang='lat' dir='ltr'><strong>non</strong></span> <span class='ocrx_word' id='word_1_160' title='bbox 517 576 595 596; x_wconf 83' lang='lat' dir='ltr'><strong>probatur.</strong></span> <span class='ocrx_word' id='word_1_161' title='bbox 605 578 637 592; x_wconf 89' lang='lat' dir='ltr'><strong>tum</strong></span> <span class='ocrx_word' id='word_1_162' title='bbox 647 577 683 597; x_wconf 69' lang='lat' dir='ltr'><strong>quia</strong></span> <span class='ocrx_word' id='word_1_163' title='bbox 694 577 746 593; x_wconf 79' lang='lat' dir='ltr'><strong>miram</strong></span> 
     </span>
     <span class='ocr_line' id='line_1_20' title="bbox 204 601 747 621; baseline 0 -4"><span class='ocrx_word' id='word_1_164' title='bbox 204 601 286 621; x_wconf 84' lang='lat' dir='ltr'><strong>prophetae</strong></span> <span class='ocrx_word' id='word_1_165' title='bbox 294 603 350 617; x_wconf 85' lang='lat' dir='ltr'><strong>sortem</strong></span> <span class='ocrx_word' id='word_1_166' title='bbox 358 601 430 617; x_wconf 77' lang='lat' dir='ltr'><strong>Ninivitis</strong></span> <span class='ocrx_word' id='word_1_167' title='bbox 438 601 453 617; x_wconf 86' lang='lat' dir='ltr'><strong>in</strong></span> <span class='ocrx_word' id='word_1_168' title='bbox 462 601 523 621; x_wconf 74' lang='lat' dir='ltr'><strong>signum</strong></span> <span class='ocrx_word' id='word_1_169' title='bbox 530 601 613 621; x_wconf 76' lang='lat' dir='ltr'><strong>contigisse</strong></span> <span class='ocrx_word' id='word_1_170' title='bbox 620 601 686 621; x_wconf 78' lang='lat' dir='ltr'><strong>gratuito</strong></span> <span class='ocrx_word' id='word_1_171' title='bbox 693 604 747 621; x_wconf 84' lang='lat' dir='ltr'><strong>suppo-</strong></span> 
     </span>
     <span class='ocr_line' id='line_1_21' title="bbox 204 625 746 646; baseline -0.002 -4"><span class='ocrx_word' id='word_1_172' title='bbox 204 628 270 645; x_wconf 85' lang='lat' dir='ltr'><strong>neretur,</strong></span> <span class='ocrx_word' id='word_1_173' title='bbox 280 628 312 642; x_wconf 87' lang='lat' dir='ltr'><strong>tum</strong></span> <span class='ocrx_word' id='word_1_174' title='bbox 322 626 358 646; x_wconf 82' lang='lat' dir='ltr'><strong>quia</strong></span> <span class='ocrx_word' id='word_1_175' title='bbox 368 626 452 642; x_wconf 71' lang='lat' dir='ltr'><strong>incredulis</strong></span> <span class='ocrx_word' id='word_1_176' title='bbox 462 625 547 646; x_wconf 75' lang='lat' dir='ltr'><strong>pharisaeis</strong></span> <span class='ocrx_word' id='word_1_177' title='bbox 558 625 649 642; x_wconf 81' lang='lat' dir='ltr'><strong>miraculum</strong></span> <span class='ocrx_word' id='word_1_178' title='bbox 659 629 746 642; x_wconf 75' lang='lat' dir='ltr'><strong>concessum</strong></span> 
     </span>
     <span class='ocr_line' id='line_1_22' title="bbox 204 651 746 671; baseline 0 -4"><span class='ocrx_word' id='word_1_179' title='bbox 204 651 223 667; x_wconf 90' lang='lat' dir='ltr'><strong>iri</strong></span> <span class='ocrx_word' id='word_1_180' title='bbox 236 655 267 667; x_wconf 88' lang='lat' dir='ltr'><strong>non</strong></span> <span class='ocrx_word' id='word_1_181' title='bbox 279 653 380 671; x_wconf 68' lang='lat' dir='ltr'><strong>exspectatur.</strong></span> <span class='ocrx_word' id='word_1_182' title='bbox 393 651 457 671; x_wconf 88' lang='lat' dir='ltr'><strong>insuper</strong></span> <span class='ocrx_word' id='word_1_183' title='bbox 469 651 523 667; x_wconf 72' lang='lat' dir='ltr'><strong>eadem</strong></span> <span class='ocrx_word' id='word_1_184' title='bbox 536 651 574 667; x_wconf 85' lang='lat' dir='ltr'><strong>ratio</strong></span> <span class='ocrx_word' id='word_1_185' title='bbox 587 651 670 671; x_wconf 77' lang='lat' dir='ltr'><strong>retorqueri</strong></span> <span class='ocrx_word' id='word_1_186' title='bbox 683 653 746 671; x_wconf 77' lang='lat' dir='ltr'><strong>potest:</strong></span> 
     </span>
     <span class='ocr_line' id='line_1_23' title="bbox 205 675 746 697; baseline -0.002 -5"><span class='ocrx_word' id='word_1_187' title='bbox 205 676 282 692; x_wconf 76' lang='lat' dir='ltr'><strong>Pharisaei</strong></span> <span class='ocrx_word' id='word_1_188' title='bbox 293 676 335 692; x_wconf 88' lang='lat' dir='ltr'><strong>enim</strong></span> <span class='ocrx_word' id='word_1_189' title='bbox 346 676 408 696; x_wconf 73' lang='lat' dir='ltr'><strong>signum</strong></span> <span class='ocrx_word' id='word_1_190' title='bbox 419 676 438 692; x_wconf 85' lang='lat' dir='ltr'><strong>de</strong></span> <span class='ocrx_word' id='word_1_191' title='bbox 448 676 490 692; x_wconf 79' lang='lat' dir='ltr'><strong>coelo</strong></span> <span class='ocrx_word' id='word_1_192' title='bbox 501 675 564 697; x_wconf 64' lang='grc' dir='ltr'><strong>σημεῖον</strong></span> <span class='ocrx_word' id='word_1_193' title='bbox 574 675 590 691; x_wconf 64' lang='grc' dir='ltr'><strong>ἐκ</strong></span> <span class='ocrx_word' id='word_1_194' title='bbox 597 675 624 691; x_wconf 84' lang='grc' dir='ltr'><strong>τοῦ</strong></span> <span class='ocrx_word' id='word_1_195' title='bbox 632 675 701 697; x_wconf 75' lang='grc' dir='ltr'><strong>ουρανοῦ,</strong></span> <span class='ocrx_word' id='word_1_196' title='bbox 710 675 746 692; x_wconf 89' lang='lat' dir='ltr'><strong>divi-</strong></span> 
     </span>
     <span class='ocr_line' id='line_1_24' title="bbox 204 700 745 721; baseline 0 -5"><span class='ocrx_word' id='word_1_197' title='bbox 204 705 240 717; x_wconf 78' lang='lat' dir='ltr'><strong>nam</strong></span> <span class='ocrx_word' id='word_1_198' title='bbox 252 701 287 717; x_wconf 74' lang='lat' dir='ltr'><strong>lesu</strong></span> <span class='ocrx_word' id='word_1_199' title='bbox 302 700 392 716; x_wconf 81' lang='lat' dir='ltr'><strong>missionem</strong></span> <span class='ocrx_word' id='word_1_200' title='bbox 407 704 434 721; x_wconf 86' lang='lat' dir='ltr'><strong>per</strong></span> <span class='ocrx_word' id='word_1_201' title='bbox 449 704 465 716; x_wconf 86' lang='lat' dir='ltr'><strong>se</strong></span> <span class='ocrx_word' id='word_1_202' title='bbox 477 700 585 720; x_wconf 72' lang='lat' dir='ltr'><strong>comprobans,</strong></span> <span class='ocrx_word' id='word_1_203' title='bbox 598 701 730 721; x_wconf 76' lang='lat' dir='ltr'><strong>expostulaverant</strong></span> <span class='ocrx_word' id='word_1_204' title='bbox 742 704 745 715; x_wconf 81' lang='lat' dir='ltr'>z</span> 
     </span>
     <span class='ocr_line' id='line_1_25' title="bbox 204 724 746 745; baseline -0.002 -4"><span class='ocrx_word' id='word_1_205' title='bbox 204 729 249 745; x_wconf 86' lang='lat' dir='ltr'><strong>porro</strong></span> <span class='ocrx_word' id='word_1_206' title='bbox 262 729 304 741; x_wconf 75' lang='lat' dir='ltr'><strong>mars</strong></span> <span class='ocrx_word' id='word_1_207' title='bbox 316 727 331 741; x_wconf 88' lang='lat' dir='ltr'><strong>et</strong></span> <span class='ocrx_word' id='word_1_208' title='bbox 343 724 433 741; x_wconf 81' lang='lat' dir='ltr'><strong>resurreetio</strong></span> <span class='ocrx_word' id='word_1_209' title='bbox 446 725 501 741; x_wconf 85' lang='lat' dir='ltr'><strong>Christi</strong></span> <span class='ocrx_word' id='word_1_210' title='bbox 515 725 545 741; x_wconf 74' lang='lat' dir='ltr'><strong>tale</strong></span> <span class='ocrx_word' id='word_1_211' title='bbox 557 725 619 745; x_wconf 76' lang='lat' dir='ltr'><strong>signum</strong></span> <span class='ocrx_word' id='word_1_212' title='bbox 630 729 658 745; x_wconf 85' lang='lat' dir='ltr'><strong>pro</strong></span> <span class='ocrx_word' id='word_1_213' title='bbox 669 725 707 745; x_wconf 88' lang='lat' dir='ltr'><strong>ipsis</strong></span> <span class='ocrx_word' id='word_1_214' title='bbox 717 728 746 740; x_wconf 87' lang='lat' dir='ltr'><strong>non</strong></span> 
     </span>
     <span class='ocr_line' id='line_1_26' title="bbox 203 749 745 767; baseline 0.002 -2"><span class='ocrx_word' id='word_1_215' title='bbox 203 750 298 766; x_wconf 81' lang='lat' dir='ltr'><strong>constituunt</strong></span> <span class='ocrx_word' id='word_1_216' title='bbox 306 754 310 765; x_wconf 82' lang='lat' dir='ltr'><em>z</em></span> <span class='ocrx_word' id='word_1_217' title='bbox 319 749 435 765; x_wconf 81' lang='lat' dir='ltr'><strong>resurrectionis</strong></span> <span class='ocrx_word' id='word_1_218' title='bbox 442 749 483 765; x_wconf 88' lang='lat' dir='ltr'><strong>enim</strong></span> <span class='ocrx_word' id='word_1_219' title='bbox 492 753 522 765; x_wconf 85' lang='lat' dir='ltr'><strong>uon</strong></span> <span class='ocrx_word' id='word_1_220' title='bbox 530 749 591 765; x_wconf 86' lang='lat' dir='ltr'><strong>iuerunt</strong></span> <span class='ocrx_word' id='word_1_221' title='bbox 601 751 647 765; x_wconf 84' lang='lat' dir='ltr'><strong>testes</strong></span> <span class='ocrx_word' id='word_1_222' title='bbox 657 749 745 767; x_wconf 78' lang='lat' dir='ltr'><strong>immediati,</strong></span> 
     </span>
     <span class='ocr_line' id='line_1_27' title="bbox 204 773 745 794; baseline 0.002 -5"><span class='ocrx_word' id='word_1_223' title='bbox 204 776 219 790; x_wconf 89' lang='lat' dir='ltr'><strong>et</strong></span> <span class='ocrx_word' id='word_1_224' title='bbox 227 774 333 790; x_wconf 70' lang='lat' dir='ltr'><strong>nuntiantibus</strong></span> <span class='ocrx_word' id='word_1_225' title='bbox 340 774 409 790; x_wconf 80' lang='lat' dir='ltr'><strong>eamdem</strong></span> <span class='ocrx_word' id='word_1_226' title='bbox 419 774 498 794; x_wconf 79' lang='lat' dir='ltr'><strong>apostolis.</strong></span> <span class='ocrx_word' id='word_1_227' title='bbox 508 774 547 790; x_wconf 81' lang='lat' dir='ltr'><strong>sicut</strong></span> <span class='ocrx_word' id='word_1_228' title='bbox 556 774 632 794; x_wconf 79' lang='lat' dir='ltr'><strong>praesenti</strong></span> <span class='ocrx_word' id='word_1_229' title='bbox 641 774 677 790; x_wconf 64' lang='lat' dir='ltr'><strong>«lesu</strong></span> <span class='ocrx_word' id='word_1_230' title='bbox 688 773 745 794; x_wconf 86' lang='lat' dir='ltr'><strong>praedi·</strong></span> 
     </span>
     <span class='ocr_line' id='line_1_28' title="bbox 204 798 433 817; baseline 0 -3"><span class='ocrx_word' id='word_1_231' title='bbox 204 798 266 817; x_wconf 73' lang='lat' dir='ltr'><strong>cationi,</strong></span> <span class='ocrx_word' id='word_1_232' title='bbox 275 798 336 814; x_wconf 70' lang='lat' dir='ltr'><strong>credere</strong></span> <span class='ocrx_word' id='word_1_233' title='bbox 343 798 433 814; x_wconf 83' lang='lat' dir='ltr'><strong>debuerunt.</strong></span> 
     </span>
    </p>

    <p class='ocr_par' dir='ltr' id='par_1_3' title="bbox 204 822 761 942">
     <span class='ocr_line' id='line_1_29' title="bbox 226 822 761 843; baseline 0.002 -5"><span class='ocrx_word' id='word_1_234' title='bbox 226 822 268 841; x_wconf 80' lang='lat' dir='ltr'><strong>Quod</strong></span> <span class='ocrx_word' id='word_1_235' title='bbox 280 822 349 838; x_wconf 83' lang='lat' dir='ltr'><strong>Christus</strong></span> <span class='ocrx_word' id='word_1_236' title='bbox 360 822 430 843; x_wconf 84' lang='lat' dir='ltr'><strong>loquatur</strong></span> <span class='ocrx_word' id='word_1_237' title='bbox 441 823 459 839; x_wconf 85' lang='lat' dir='ltr'><strong>de</strong></span> <span class='ocrx_word' id='word_1_238' title='bbox 470 823 515 843; x_wconf 73' lang='lat' dir='ltr'><strong>signo</strong></span> <span class='ocrx_word' id='word_1_239' title='bbox 525 823 584 843; x_wconf 76' lang='lat' dir='ltr'><strong>futuro,</strong></span> <span class='ocrx_word' id='word_1_240' title='bbox 596 827 648 839; x_wconf 90' lang='lat' dir='ltr'><strong>verum</strong></span> <span class='ocrx_word' id='word_1_241' title='bbox 661 825 684 839; x_wconf 80' lang='lat' dir='ltr'><strong>est</strong></span> <span class='ocrx_word' id='word_1_242' title='bbox 696 823 745 843; x_wconf 72' lang='lat' dir='ltr'><strong>aliquo</strong></span> <span class='ocrx_word' id='word_1_243' title='bbox 758 836 761 839; x_wconf 33' lang='grc' dir='ltr'>ι</span> 
     </span>
     <span class='ocr_line' id='line_1_30' title="bbox 204 847 745 868; baseline 0 -5"><span class='ocrx_word' id='word_1_244' title='bbox 204 851 256 867; x_wconf 82' lang='lat' dir='ltr'><strong>sensu,</strong></span> <span class='ocrx_word' id='word_1_245' title='bbox 267 849 283 863; x_wconf 86' lang='lat' dir='ltr'><strong>at</strong></span> <span class='ocrx_word' id='word_1_246' title='bbox 294 847 332 863; x_wconf 90' lang='lat' dir='ltr'><strong>nihil</strong></span> <span class='ocrx_word' id='word_1_247' title='bbox 346 847 382 863; x_wconf 84' lang='lat' dir='ltr'><strong>inde</strong></span> <span class='ocrx_word' id='word_1_248' title='bbox 392 847 408 863; x_wconf 88' lang='lat' dir='ltr'><strong>in</strong></span> <span class='ocrx_word' id='word_1_249' title='bbox 421 847 488 864; x_wconf 77' lang='lat' dir='ltr'><strong>favorem</strong></span> <span class='ocrx_word' id='word_1_250' title='bbox 501 848 585 864; x_wconf 81' lang='lat' dir='ltr'><strong>sententiae</strong></span> <span class='ocrx_word' id='word_1_251' title='bbox 599 848 702 864; x_wconf 83' lang='lat' dir='ltr'><strong>traditionalis</strong></span> <span class='ocrx_word' id='word_1_252' title='bbox 714 847 745 868; x_wconf 79' lang='lat' dir='ltr'><strong>quis</strong></span> 
     </span>
     <span class='ocr_line' id='line_1_31' title="bbox 204 872 744 893; baseline 0 -5"><span class='ocrx_word' id='word_1_253' title='bbox 204 872 292 889; x_wconf 82' lang='lat' dir='ltr'><strong>lucraretur.</strong></span> <span class='ocrx_word' id='word_1_254' title='bbox 302 872 397 888; x_wconf 84' lang='lat' dir='ltr'><strong>Praedicatio</strong></span> <span class='ocrx_word' id='word_1_255' title='bbox 404 872 445 888; x_wconf 77' lang='lat' dir='ltr'><strong>enim</strong></span> <span class='ocrx_word' id='word_1_256' title='bbox 453 872 479 888; x_wconf 84' lang='lat' dir='ltr'><strong>hic</strong></span> <span class='ocrx_word' id='word_1_257' title='bbox 488 872 559 891; x_wconf 82' lang='lat' dir='ltr'><strong>sumitur,</strong></span> <span class='ocrx_word' id='word_1_258' title='bbox 567 874 613 893; x_wconf 85' lang='lat' dir='ltr'><strong>prout</strong></span> <span class='ocrx_word' id='word_1_259' title='bbox 623 874 695 889; x_wconf 77' lang='lat' dir='ltr'><strong>connotat</strong></span> <span class='ocrx_word' id='word_1_260' title='bbox 705 873 744 889; x_wconf 75' lang='lat' dir='ltr'><strong>eliet-</strong></span> 
     </span>
     <span class='ocr_line' id='line_1_32' title="bbox 204 897 745 917; baseline 0 -4"><span class='ocrx_word' id='word_1_261' title='bbox 204 900 242 916; x_wconf 89' lang='lat' dir='ltr'><strong>tum,</strong></span> <span class='ocrx_word' id='word_1_262' title='bbox 254 897 269 913; x_wconf 87' lang='lat' dir='ltr'><strong>id</strong></span> <span class='ocrx_word' id='word_1_263' title='bbox 279 899 303 913; x_wconf 87' lang='lat' dir='ltr'><strong>est</strong></span> <span class='ocrx_word' id='word_1_264' title='bbox 313 897 389 913; x_wconf 72' lang='lat' dir='ltr'><strong>sinceram</strong></span> <span class='ocrx_word' id='word_1_265' title='bbox 402 897 488 913; x_wconf 70' lang='lat' dir='ltr'><strong>auditorum</strong></span> <span class='ocrx_word' id='word_1_266' title='bbox 501 897 616 913; x_wconf 77' lang='lat' dir='ltr'><strong>conversionem</strong></span> <span class='ocrx_word' id='word_1_267' title='bbox 629 897 652 913; x_wconf 84' lang='lat' dir='ltr'><strong>vel</strong></span> <span class='ocrx_word' id='word_1_268' title='bbox 664 900 745 917; x_wconf 85' lang='lat' dir='ltr'><strong>poenarum</strong></span> 
     </span>
     <span class='ocr_line' id='line_1_33' title="bbox 205 921 656 942; baseline 0 -5"><span class='ocrx_word' id='word_1_269' title='bbox 205 922 304 938; x_wconf 79' lang='lat' dir='ltr'><strong>inflictionem</strong></span> <span class='ocrx_word' id='word_1_270' title='bbox 313 926 317 937; x_wconf 88' lang='lat'>:</span> <span class='ocrx_word' id='word_1_271' title='bbox 326 925 371 941; x_wconf 86' lang='lat' dir='ltr'><strong>porro</strong></span> <span class='ocrx_word' id='word_1_272' title='bbox 378 921 440 937; x_wconf 76' lang='lat' dir='ltr'><strong>effectus</strong></span> <span class='ocrx_word' id='word_1_273' title='bbox 448 921 474 937; x_wconf 92' lang='lat' dir='ltr'><strong>ille</strong></span> <span class='ocrx_word' id='word_1_274' title='bbox 482 921 502 938; x_wconf 86' lang='lat' dir='ltr'><strong>ad</strong></span> <span class='ocrx_word' id='word_1_275' title='bbox 509 921 577 938; x_wconf 74' lang='lat' dir='ltr'><strong>futurum</strong></span> <span class='ocrx_word' id='word_1_276' title='bbox 585 922 656 942; x_wconf 54' lang='lat' dir='ltr'><strong>pertinet⁴</strong></span> 
     </span>
    </p>

    <p class='ocr_par' dir='ltr' id='par_1_4' title="bbox 204 944 744 1066">
     <span class='ocr_line' id='line_1_34' title="bbox 225 944 744 966; baseline -0.002 -4"><span class='ocrx_word' id='word_1_277' title='bbox 225 946 244 962; x_wconf 83' lang='lat' dir='ltr'><strong>Et</strong></span> <span class='ocrx_word' id='word_1_278' title='bbox 252 946 292 962; x_wconf 82' lang='lat' dir='ltr'><strong>idem</strong></span> <span class='ocrx_word' id='word_1_279' title='bbox 301 946 382 962; x_wconf 84' lang='lat' dir='ltr'><strong>dicendum</strong></span> <span class='ocrx_word' id='word_1_280' title='bbox 390 946 409 962; x_wconf 92' lang='lat' dir='ltr'><strong>ad</strong></span> <span class='ocrx_word' id='word_1_281' title='bbox 418 946 477 962; x_wconf 84' lang='lat' dir='ltr'><strong>tertiam</strong></span> <span class='ocrx_word' id='word_1_282' title='bbox 485 946 560 962; x_wconf 87' lang='lat' dir='ltr'><strong>rationem</strong></span> <span class='ocrx_word' id='word_1_283' title='bbox 570 946 586 962; x_wconf 93' lang='lat' dir='ltr'><strong>in</strong></span> <span class='ocrx_word' id='word_1_284' title='bbox 595 950 613 963; x_wconf 88' lang='lat' dir='ltr'><strong>eo</strong></span> <span class='ocrx_word' id='word_1_285' title='bbox 621 946 700 962; x_wconf 78' lang='lat' dir='ltr'><strong>fundatam</strong></span> <span class='ocrx_word' id='word_1_286' title='bbox 708 944 744 966; x_wconf 81' lang='lat' dir='ltr'><strong>qttod</strong></span> 
     </span>
     <span class='ocr_line' id='line_1_35' title="bbox 204 970 744 991; baseline 0 -5"><span class='ocrx_word' id='word_1_287' title='bbox 204 971 279 987; x_wconf 78' lang='lat' dir='ltr'><strong>sententia</strong></span> <span class='ocrx_word' id='word_1_288' title='bbox 290 970 309 986; x_wconf 92' lang='lat' dir='ltr'><strong>de</strong></span> <span class='ocrx_word' id='word_1_289' title='bbox 320 970 373 991; x_wconf 73' lang='lat' dir='ltr'><strong>regina</strong></span> <span class='ocrx_word' id='word_1_290' title='bbox 384 971 431 987; x_wconf 87' lang='lat' dir='ltr'><strong>austri</strong></span> <span class='ocrx_word' id='word_1_291' title='bbox 443 975 457 987; x_wconf 88' lang='lat' dir='ltr'><strong>v.</strong></span> <span class='ocrx_word' id='word_1_292' title='bbox 469 971 490 987; x_wconf 69' lang='lat'><strong>42</strong></span> <span class='ocrx_word' id='word_1_293' title='bbox 501 970 570 987; x_wconf 89' lang='lat' dir='ltr'><strong>eamdem</strong></span> <span class='ocrx_word' id='word_1_294' title='bbox 581 971 657 987; x_wconf 78' lang='lat' dir='ltr'><strong>contineat</strong></span> <span class='ocrx_word' id='word_1_295' title='bbox 668 971 744 991; x_wconf 74' lang='lat' dir='ltr'><strong>reprehen-</strong></span> 
     </span>
     <span class='ocr_line' id='line_1_36' title="bbox 204 995 744 1016; baseline 0 -5"><span class='ocrx_word' id='word_1_296' title='bbox 204 996 264 1012; x_wconf 81' lang='lat' dir='ltr'><strong>sionem</strong></span> <span class='ocrx_word' id='word_1_297' title='bbox 271 995 366 1015; x_wconf 79' lang='lat' dir='ltr'><strong>judaeorum,</strong></span> <span class='ocrx_word' id='word_1_298' title='bbox 375 995 394 1011; x_wconf 90' lang='lat' dir='ltr'><strong>de</strong></span> <span class='ocrx_word' id='word_1_299' title='bbox 401 1000 431 1016; x_wconf 77' lang='lat' dir='ltr'><strong>qua</strong></span> <span class='ocrx_word' id='word_1_300' title='bbox 439 1000 453 1012; x_wconf 79' lang='grc' dir='ltr'><strong>ν.</strong></span> <span class='ocrx_word' id='word_1_301' title='bbox 460 996 478 1012; x_wconf 69' lang='lat' dir='ltr'><strong>tt</strong></span> <span class='ocrx_word' id='word_1_302' title='bbox 488 996 560 1016; x_wconf 83' lang='lat' dir='ltr'><strong>loquitur.</strong></span> <span class='ocrx_word' id='word_1_303' title='bbox 567 996 606 1012; x_wconf 85' lang='lat' dir='ltr'><strong>Nam</strong></span> <span class='ocrx_word' id='word_1_304' title='bbox 613 996 631 1012; x_wconf 78' lang='lat' dir='ltr'><strong>P.</strong></span> <span class='ocrx_word' id='word_1_305' title='bbox 638 996 744 1012; x_wconf 79' lang='lat' dir='ltr'><strong>Knabenhauer</strong></span> 
     </span>
     <span class='ocr_line' id='line_1_37' title="bbox 204 1020 744 1041; baseline 0.002 -5"><span class='ocrx_word' id='word_1_306' title='bbox 204 1020 251 1036; x_wconf 88' lang='lat' dir='ltr'><strong>nimis</strong></span> <span class='ocrx_word' id='word_1_307' title='bbox 264 1020 344 1036; x_wconf 79' lang='lat' dir='ltr'><strong>manifeste</strong></span> <span class='ocrx_word' id='word_1_308' title='bbox 356 1020 436 1037; x_wconf 74' lang='lat' dir='ltr'><strong>confundit</strong></span> <span class='ocrx_word' id='word_1_309' title='bbox 448 1021 510 1041; x_wconf 71' lang='lat' dir='ltr'><strong>signum</strong></span> <span class='ocrx_word' id='word_1_310' title='bbox 524 1021 571 1037; x_wconf 73' lang='lat' dir='ltr'><strong>lonae</strong></span> <span class='ocrx_word' id='word_1_311' title='bbox 585 1023 601 1037; x_wconf 84' lang='lat' dir='ltr'><strong>et</strong></span> <span class='ocrx_word' id='word_1_312' title='bbox 615 1021 744 1041; x_wconf 77' lang='lat' dir='ltr'><strong>reprehensionem</strong></span> 
     </span>
     <span class='ocr_line' id='line_1_38' title="bbox 204 1044 744 1066; baseline 0 -5"><span class='ocrx_word' id='word_1_313' title='bbox 204 1045 295 1061; x_wconf 79' lang='lat' dir='ltr'><strong>ludaeorum</strong></span> <span class='ocrx_word' id='word_1_314' title='bbox 305 1049 308 1061; x_wconf 70' lang='grc' dir='ltr'><em>τ</em></span> <span class='ocrx_word' id='word_1_315' title='bbox 317 1045 378 1065; x_wconf 70' lang='lat' dir='ltr'><strong>signum</strong></span> <span class='ocrx_word' id='word_1_316' title='bbox 385 1045 438 1064; x_wconf 74' lang='lat' dir='ltr'><strong>lonae,</strong></span> <span class='ocrx_word' id='word_1_317' title='bbox 447 1045 463 1061; x_wconf 94' lang='lat' dir='ltr'><strong>in</strong></span> <span class='ocrx_word' id='word_1_318' title='bbox 470 1047 522 1061; x_wconf 86' lang='lat' dir='ltr'><strong>nostra</strong></span> <span class='ocrx_word' id='word_1_319' title='bbox 533 1045 613 1064; x_wconf 82' lang='lat' dir='ltr'><strong>sententia,</strong></span> <span class='ocrx_word' id='word_1_320' title='bbox 622 1047 645 1061; x_wconf 85' lang='lat' dir='ltr'><strong>est</strong></span> <span class='ocrx_word' id='word_1_321' title='bbox 655 1044 744 1066; x_wconf 81' lang='lat' dir='ltr'><strong>praedicatio</strong></span> 
     </span>
    </p>
   </div>
  </div>
 </body>
</html>
